3994 5914
282 431 339 482 262

279 555 325 609 τοῦ
351 545 496 626 Πειραιέως
525 540 820 625 κατεστρατοπέδευσεν.
878 548 913 625 (a)
938 537 1005 625 Κίχε
1028 546 1056 605 δέ

280 636 336 714 μεθ’
350 640 441 695 ἑαυτοῦ
456 631 618 714 στρατιώτας
630 633 721 701 πεζοὺς
738 633 785 711 μίν
797 633 953 701 Μακεδόνας
967 636 1056 712 διςμυ·

279 724 361 801 ρίσυς,
374 727 426 781 τῶν
445 722 467 780 δ’
482 721 569 779 ἄλλων
583 721 731 800 συμμάχων
744 722 804 802 περί
822 722 1055 803 τετρακιςχιλίους,

274 815 366 877 ,ἱππεῖς
377 811 404 868 δὲ
418 811 530 889 χιλίους,
547 807 688 888 ἐλέφαντας
701 809 728 867 δὲ
740 809 865 881 ἐξήκοντα
879 810 964 871 πέντε.
978 810 1056 870 Ἐπε-

253 898 373 957 ιιύάλετο
388 897 433 975 μὲν
448 887 491 955 οὖν
505 898 652 976 πολιορκεῖν
666 895 725 962 τοθς
741 897 799 974 περὶ
813 897 856 956 τὸν
876 897 1057 978 Κάσσανδρον,

278 984 409 1051 σπανίζων
423 983 451 1042 δέ
464 987 572 1065 τροφῆς,
584 982 629 1041 καί
642 980 689 1054 τὴν
699 983 851 1062 πολιορκίαν
863 983 1056 1062 ύπολαμδάνων

278 1070 383 1130 ἔσεσθαι
398 1069 578 1149 πολυχρόνιον,
599 1070 751 1148 ἠναγκάσθη
770 1071 848 1151 μέρος
864 1076 911 1143 τῆς
924 1072 1058 1150 δυνάμεως

278 1158 416 1216 ἀπολιπεῖν
431 1159 499 1216 κατὰ
515 1156 563 1228 τλν
575 1155 694 1228 Ἀττικὴν
709 1156 738 1215 τδ
755 1158 896 1235 δυνάμενον
919 1158 988 1237 ἐχειν
1009 1158 1057 1229 τὴν

278 1250 323 1303 τοῦ
341 1244 413 1303 σίτου
427 1244 566 1324 χορηγίαν,
584 1242 727 1323 ἡγουμένου
741 1250 787 1304 τοῦ
802 1248 856 1303 υίοῧ
878 1245 1056 1326 Ἀλεξάνδρου,

240 1357 264 1395 ιο
278 1331 354 1399 αιἰτδς
363 1331 390 1390 δὲ
401 1331 431 1390 τδ
442 1333 563 1391 πλεῖστον
572 1336 619 1403 τῆς
630 1331 763 1409 δυνάμεως
775 1332 913 1391 διαλαθὼν
924 1336 1056 1412 παρῆλθεν

277 1423 313 1487 είς
325 1417 534 1491 Πελοπόννησον,
548 1419 752 1497 συναναγκάσων
768 1420 826 1488 τοὺς
839 1420 1057 1498 Μεγαλοπολίτας

276 1513 427 1587 πειθαρχεῖν
450 1510 502 1573 τοῖς
524 1507 686 1586 βασιλεῦσιν·
702 1506 843 1586 ἐτύγχανον
857 1505 907 1587 γδιρ
927 1507 961 1566 τὰ
978 1510 1053 1568 Κασ-

278 1594 388 1674 σάνδρου
402 1599 551 1675 φρονοῦντες
564 1593 609 1652 καί
624 1592 667 1652 διδ
680 1598 727 1665 τῆς
741 1597 783 1651 ὑπ’
796 1593 965 1674 Ἀντιπάτρου
977 1599 1056 1652 καθε-

277 1681 408 1760 σεαμένης
420 1682 572 1763 ὀλιγαρχίας
587 1682 767 1759 διοικούμενοι.

240 1789 263 1829 ιο
317 1772 416 1830 Lxlx.
437 1773 492 1829 Τοῦ
507 1768 534 1828 δὲ
550 1768 782 1848 Πολυσπέρχοντος
794 1767 852 1849 περί
864 1775 947 1828 ταῦτα
958 1767 1055 1848 διατρί·

277 1855 378 1929 θυντος,
393 1861 407 1915 θ
422 1857 590 1937 Κάσσανδρος
602 1854 741 1914 saalabim
752 1855 796 1914 τδν
809 1855 900 1915 στόλον
915 1857 1057 1934 Αἰγινήτας

277 1945 324 2020 μὲν
337 1944 526 2025 προςηγοίγετο,
540 1943 599 2011 τοὺς
612 1943 639 2002 δὲ
661 1944 836 2020 Σαλαμινίους
850 1943 974 2024 ἀλλότρια
991 1967 1055 2025 φρο-

276 2035 382 2098 νοῦντας
399 2034 435 2097 εἰς
454 2029 606 2111 πολιορκίαν
620 2029 777 2090 συνέκλεισε.
818 2032 886 2091 Καθ’
905 2032 1006 2110 ἡμέραν
1028 2031 1055 2090 δέ

277 2127 395 2197 συνεχεῖς
407 2117 559 2194 ποιούμενος
572 2116 732 2198 προςθολάς,
744 2118 790 2176 καί
811 2121 894 2198 βελῶν
909 2120 955 2178 καί
973 2142 1055 2199 στρα-

237 2231 264 2267 20
277 2209 377 2262 τιωτῶν
397 2206 522 2286 εὐπορῶν,
546 2206 581 2272 είς
600 2203 660 2271 τοὺς
680 2202 807 2283 ἐσχάτους
822 2203 952 2273 κινδύνους
972 2206 1055 2284 ἤγαγε

276 2291 336 2358 τοδς
350 2291 535 2369 Σαλαμινίους.
589 2292 618 2368 (a)
636 2290 838 2363 Κινδυνευούσης
858 2291 885 2351 δὲ
898 2298 944 2364 τῆς
957 2294 1056 2361 πολεως

277 2377 377 2436 ἁλῶναι
388 2376 456 2436 sard
465 2377 594 2458 κράτος,θ
606 2376 802 2457 Πολυσπέρχων
811 2377 938 2461 ἐξέπεμψε
945 2380 1053 2458 δύναμιν

277 2462 410 2542 ἀξιόλογον
424 2464 531 2535 πεζικήν
551 2487 580 2522 τε
602 2463 647 2522 καί
667 2464 790 2535 ναυτικὴν
803 2463 851 2537 τλν
865 2467 1054 2544 ἐπιθησομένην

276 2559 329 2617 τοῖς
341 2553 519 2630 πολιορκοῦσι.
560 2552 657 2631 Διόπερ
672 2557 686 2611 δ
699 2553 867 2633 Κάσσανδρος
879 2557 1055 2633 καταπλαγείς

237 2663 263 2702 as
278 2637 323 2696 καί
334 2638 415 2705 λύσας
423 2638 470 2711 τὴν
477 2638 639 2721 πολιορκίαν,
651 2640 814 2699 ἀπέπλευσεν
825 2645 861 2708 είς
872 2642 915 2700 τδν
931 2646 1052 2723 Πειραιθί.

277 2726 309 2802 (a)
325 2726 521 2807 Πολυσπέρχων
534 2724 561 2785 δέ
572 2728 727 2806 βουλόμενος
740 2726 772 2785 sd
781 2727 850 2787 κατδι
862 2728 909 2801 τὴν
924 2732 1055 2791 Πελοπόν·

277 2835 355 2883 νησον
369 2814 498 2885 διοικῆσαι
517 2816 714 2896 συμφερόντως,
727 2819 857 2894 παρῆλθε,
876 2819 920 2877 καὶ
940 2842 1054 2898 συναγα-

276 2897 328 2976 γὼν
344 2900 373 2957 ἐκ
383 2902 434 2958 τῶν
447 2899 548 2960 πόλεων
563 2901 709 2982 συνέδρους,
722 2901 841 2981 διελέχθη
862 2904 922 2986 περί
935 2911 980 2978 τῆς
990 2907 1054 2987 πρὸς

276 2985 352 3045 αὐτὸν
366 2988 527 3068 συμμαχίας.
569 2988 716 3071 Ἐξέπεμψε
731 2990 757 3049 δέ
772 2992 816 3049 καί
831 2992 894 3072 πρδς
907 2992 952 3060 τδς
966 2994 1054 3062 πολεις

235 3096 261 3135 au
277 3073 449 3153 πρεσὸευτάς,
463 3077 629 3159 προςτάττων
644 3076 703 3145 τοὺς
717 3077 764 3155 μέν
778 3079 810 3136 δι’
825 3079 993 3162 Ἀντιπάτρου
1008 3105 1053 3140 κα·

274 3162 444 3238 θεσταμένους
456 3163 583 3247 ἄρχοντας
597 3166 640 3225 ἐπί
653 3170 700 3238 ιῆς
719 3166 871 3247 ὀλιγαρχίας
891 3172 1052 3242 θανατῶσαι,

270 3252 326 3317 Δτοῖς
339 3248 366 3308 δέ
378 3251 469 3328 δήμοις
480 3254 621 3312 ἀποδοῦναι
630 3252 678 3324 τὴν
690 3254 855 3330 αὐτονομίαν.
899 3258 928 3333 (ι)
944 3258 1053 3315 Πολλῶν

275 3336 297 3393 δ’
313 3337 525 3411 ὑπακουσάντων,
543 3341 588 3398 καί
601 3339 670 3398 κατδι
686 3339 732 3406 τδς
746 3341 834 3407 πόλεις
849 3340 933 3422 φόνων
947 3344 1053 3421 γινομέ-

274 3444 324 3480 νων
338 3423 383 3482 καί
396 3448 472 3482 τινων
488 3426 748 3506 φυγαδευομένων,οί
763 3427 811 3504 μὲν
824 3428 992 3509 Ἀντιπάτρου
1008 3431 1052 3512 φί-

236 3531 261 3570 as
275 3510 315 3567 λοι
331 3510 513 3589 διεφθάρησαν,
527 3513 560 3570 τὰ
575 3511 602 3571 δδ
616 3513 795 3590 πολιτεύματα
810 3514 857 3585 τλν
874 3520 904 3574 ἐκ
915 3520 960 3587 τῆς
975 3519 1052 3576 αὐτο·

275 3595 365 3672 νομίας
377 3597 524 3678 παρρησίαν
539 3597 670 3658 δπέλαθον
685 3601 730 3658 καί
744 3600 906 3680 συνεμάχουν
927 3606 1052 3685 τοῖςπερὶ

275 3683 318 3741 τδν
340 3684 577 3764 Πολυσπέρχοντα·
599 3686 685 3763 μόνων
708 3687 735 3745 δὲ
757 3691 808 3745 τῶν
829 3691 1051 3767 Μεγαλοπολιτῶν

275 3769 465 3851 διατηρούντων
476 3772 523 3843 τὴν
536 3772 599 3853 πρδς
614 3774 783 3855 Κάσσανδρον
798 3775 895 3856 φιλίαν,
909 3777 992 3858 ἔκρινε
1005 3804 1051 3840 πο·

274 3859 412 3936 λιορκῆσαι
422 3856 469 3930 τὴν
481 3860 556 3917 πόλιν
571 3862 665 3920 αὐτῶν.

234 3976 261 4013 ςο
314 3945 400 4004 LXX.
422 3948 457 4004 ol
472 3944 499 4003 δέ
517 3948 732 4023 Μεγαλοπολῖται
745 3948 847 4026 γνόντες
859 3948 907 4021 τλν
927 3951 1050 4024 ἐπιθολὴν

274 4035 319 4089 τοῦ
334 4032 577 4114 Πολυσπέρχοντος,
591 4034 749 4116 ἐψηφίσαντο
762 4036 795 4094 τδι
811 4036 857 4112 μὲν
870 4039 923 4097 ἀπὸ
937 4045 984 4112 τῆς
995 4043 1050 4121 χώ·

275 4140 321 4199 ρας
334 4119 457 4196 κατάγειν
471 4123 507 4186 εἰς
520 4119 567 4191 τλν
579 4121 667 4180 πόλιν·
683 4126 735 4181 τῶν
749 4122 775 4182 δὲ
791 4127 903 4185 πολιτῶν
914 4129 959 4185 καί
974 4128 1049 4196 ξένων

274 4204 319 4263 καί
328 4204 426 4264 δούλων
436 4208 543 4287 ἀριθμὸν
553 4208 736 4287 ποιησάμενοι,
749 4211 855 4293 μυρίους
865 4214 911 4272 καί
919 4239 1050 4285 πεντακις-

273 4290 371 4369 χιλίους
385 4286 458 4371 εύρον
475 4293 535 4361 τοὺς
558 4296 711 4373 δυναμένους
727 4299 889 4378 παρέχεσθαι
902 4300 948 4369 τδς
968 4306 1047 4362 πολε-

234 4409 260 4448 ςς
274 4358 351 4456 μικδς
360 4379 458 4459 χρείας.
466 4380 549 4448 Εὐθθς
558 4372 602 4440 οθν
611 4381 668 4450 τοὺς
678 4383 725 4460 μὲν
733 4387 770 4452 είς
778 4386 862 4454 τάξεις
872 4389 1048 4469 κατελόχιζον,

273 4465 315 4533 οθς
329 4465 356 4525 δέ
372 4468 435 4550 πρὸς
447 4467 494 4536 τδις
508 4468 650 4550 ὑπηρεσίας
663 4472 716 4538 τοῖς
729 4472 812 4551 ἔργοις
825 4474 988 4549 καθίστανον,
1007 4478 1049 4545 οθς

273 4554 295 4611 δ’
304 4553 399 4627 ἐπλτλν
413 4555 563 4633 ἐπιμέλειαν
577 4560 628 4615 τῶν
640 4561 734 4637 τειχῶν
748 4558 861 4619 ἔταττον.
883 4562 916 4639 (ε)
928 4562 990 4643 Ὑφ’
1004 4564 1048 4623 ἕνα

273 4639 301 4698 δὲ
314 4641 359 4699 καί
374 4642 418 4701 τδν
435 4643 512 4702 αθτδν
526 4643 615 4725 καιρδν
628 4648 651 4704 ai
664 4644 711 4723 μὲν
727 4646 787 4726 περὶ
804 4646 851 4719 τὴν
862 4649 937 4707 πολιν
951 4650 1047 4732 τάφρον

272 4726 385 4807 ῶρυττον
399 4733 517 4808 βαθεῖαν,
532 4734 555 4789 οἱ
570 4730 597 4790 δδ
610 4733 662 4791 ἀπὸ
675 4737 722 4804 τῆς
740 4732 829 4814 χώρας
843 4733 950 4814 χάρακα
963 4760 1046 4818 παρε-

233 4841 259 4878 ω
273 4813 386 4888 κάμιζον,
398 4815 464 4883 τινές
478 4815 505 4874 δέ
518 4815 552 4875 τδ
562 4819 728 4891 πεπονηκότα
739 4823 791 4877 τῶν
804 4825 897 4900 τειχῶν
907 4824 1047 4882 κατεσκεύ-

238 4918 243 4924 ·
272 4903 343 4976 αζον,
358 4900 432 4959 ἄλλοι
443 4903 470 4961 δὲ
480 4904 539 4984 περὶ
549 4904 596 4971 τὰς
609 4906 759 4973 ὁπλοποιίας
770 4907 815 4965 καί
823 4907 870 4979 τὴν
882 4910 1047 4982 κατασκευὴν

271 4989 323 5043 τῶν
333 4986 460 5054 ὀξυὸελῶν
471 4993 641 5051 καταπελτῶν
653 4992 779 5070 ἐγίνοντο,
791 5003 864 5053 πθίσα
877 4996 924 5066 δ’ἡ
937 4997 1010 5064 πόλις
1020 5001 1046 5055 ἐν

272 5071 353 5151 ἔργοις
367 5075 531 5145 καθειστήκει
544 5078 586 5135 διαί
606 5102 635 5138 τε
648 5078 696 5152 τὴν
716 5081 862 5159 προθυμίαν
881 5087 933 5142 τῶν
947 5086 1046 5165 ἀνδρῶν

271 5156 315 5213 καί
329 5156 371 5216 διδ
383 5157 441 5226 τοθς
450 5163 672 5240 προςδοκωμίνους
683 5166 823 5232 κινδύνους.
846 5170 876 5247 (a)
887 5170 1046 5242 Διεόεθόητο

715 416 904 476 ΔΙΟΔΩΡΟΥ
923 419 1002 477 ΤΟΥ
1023 419 1255 478 altissimos
1276 420 1370 479 stlta.
1393 423 1440 480 lll.

1735 428 1798 503 (νινε,
1811 434 1873 507 asra.)

1104 557 1136 617 (3)
1153 557 1260 606 llabebst
1273 560 1353 608 autem
1365 558 1389 607 ln
1403 558 1510 621 peditatu
1522 560 1679 612 Macedonum
1695 564 1778 627 riguo
1790 570 1885 633 millia,

1105 670 1236 720 stallorum
1253 671 1371 722 meierum
1382 673 1456 724 terme
1470 677 1584 736 quattuor
1592 677 1678 739 millia,
1689 681 1783 742 equites
1799 684 1884 746 sabb,

1101 787 1125 832 et
1137 784 1258 845 sexaginta
1269 786 1374 849 quinque
1389 787 1536 850 elephantes.
1562 791 1722 843 Gasmssdrum
1736 796 1808 857 igitur
1818 798 1881 848 obsi·
1983 824 1984 833 ι

1100 885 1157 936 dere
1177 887 1281 938 instituit
1286 907 1294 951 ς
1307 890 1349 939 sed
1365 892 1421 954 quia
1439 899 1587 944 commeatus
1600 895 1695 959 deerat,
1708 902 1733 948 et
1745 900 1882 954 diuturnior

1101 991 1226 1042 videbatur
1237 994 1343 1057 obsidio,
1353 998 1483 1047 nmessibas
1497 999 1547 1062 ipsa
1559 1002 1648 1063 suasit,
1660 1008 1687 1053 ut
1698 1009 1790 1067 μετίοιεν
1801 1010 1883 1072 σοφία·

1100 1118 1154 1154 rum
1166 1106 1189 1155 in
1202 1108 1280 1157 Attica
1295 1108 1455 1172 relinqueret,
1469 1116 1565 1174 quanta
1579 1116 1697 1168 sufficeret
1709 1118 1742 1168 ibi
1760 1133 1885 1172 oommea·

1101 1222 1149 1267 tus.
1181 1223 1303 1271 Duxacro
1312 1223 1446 1274 Alexander
1455 1228 1512 1275 erat
1525 1230 1578 1291 lpse
1591 1242 1647 1278 cum
1660 1231 1748 1293 majore
1759 1236 1884 1286 exercitus

1101 1335 1204 1395 partein
1217 1336 1406 1400 Peloponnesum
1418 1342 1517 1403 transit,
1527 1348 1555 1392 ut
1565 1345 1742 1408 Megalwllas
1754 1347 1785 1397 ad
1797 1363 1885 1413 regum

1101 1447 1215 1511 imperata
1231 1463 1257 1499 se
1272 1456 1429 1516 attemperare
1445 1462 1552 1519 cogeret,
1569 1459 1610 1521 qui
1628 1473 1758 1522 paucorum
1776 1464 1885 1516 admini-

1100 1563 1239 1613 strationem
1257 1565 1288 1613 ab
1305 1569 1429 1631 Antipatro
1448 1572 1602 1622 constitutam
1619 1575 1723 1639 amplexi
1744 1581 1885 1630 Cassandro

1100 1674 1261 1726 adherebant.

1130 1773 1216 1821 Llllll.
1233 1776 1298 1822 Dum
1317 1773 1363 1824 ista
1382 1778 1468 1826 tractat
1485 1778 1676 1843 Pulyspercbon,
1692 1786 1827 1836 cassander
1842 1788 1883 1838 in·

1100 1877 1191 1925 stmcta
1201 1877 1278 1943 classe
1287 1881 1408 1942 AEginem
1419 1883 1464 1932 sibl
1473 1884 1742 1948 adjungissslaminios
1753 1905 1823 1954 νειυ,
1831 1908 1883 1946 non

1099 1980 1175 2029 amice
1190 1994 1245 2043 erga
1254 1995 1281 2031 se
1294 1984 1407 2046 silemus,
1419 1987 1542 2039 obsidione
1555 1990 1627 2053 cingit
1632 2010 1640 2054 ;
1653 1997 1677 2043 et
1690 1996 1827 2048 continente
1836 2013 1884 2062 per

1099 2081 1206 2144 singulos
1221 2084 1272 2135 dies
1287 2091 1474 2151 oppugnatione,
1488 2093 1552 2155 qarod
1568 2098 1606 2143 sat
1621 2096 1722 2147 telorum
1737 2105 1762 2149 ct
1774 2102 1883 2154 mibtum

1099 2192 1247 2249 suppeteret,
1256 2190 1280 2239 in
1290 2196 1423 2243 extremum
1433 2194 1485 2244 illos
1493 2195 1619 2247 discrimen
1629 2199 1733 2251 adducit
1751 2207 1784 2267 (t)
1797 2212 1882 2267 Quum

1099 2288 1169 2351 igitur
1184 2306 1268 2355 parum
1279 2295 1374 2346 abesset
1388 2300 1446 2362 quin
1460 2314 1502 2362 per
1519 2302 1567 2351 viru
1584 2305 1642 2354 urbs
1660 2316 1793 2371 oaperetm,
1810 2314 1881 2377 Poly·

1098 2395 1215 2455 spessime
1229 2397 1335 2460 peditum
1347 2405 1372 2450 et
1381 2402 1556 2454 classiariorum
1570 2420 1654 2469 agmen
1666 2424 1713 2460 non
1725 2419 1881 2468 eoritcmneu·

1098 2498 1156 2547 diam
1167 2501 1253 2564 mittit,
1263 2518 1311 2567 quo
1320 2505 1455 2557 obsidentes
1466 2510 1623 2571 aggredatur.
1656 2518 1880 2574 Quorumadrentu

1099 2604 1195 2654 territus
1206 2608 1347 2671 cassander,
1356 2611 1434 2661 soluta
1445 2613 1582 2677 obsidione,
1595 2617 1619 2665 in
1630 2618 1745 2671 Piraeeum
1753 2623 1880 2678 abscessit

1100 2708 1133 2769 (t)
1144 2711 1205 2757 'lum
1216 2712 1404 2775 Polpsperclron,
1416 2718 1443 2765 ut
1458 2716 1488 2765 ad
1498 2720 1561 2779 regni
1572 2720 1699 2771 utilitatem
1712 2739 1750 2773 res
1761 2730 1879 2792 Pelopon·

1097 2813 1148 2860 nesi
1170 2822 1335 2877 componeret,
1356 2818 1413 2868 illuc
1433 2821 1549 2872 transivit.
1596 2828 1627 2875 lit
1647 2830 1730 2879 senatu
1750 2831 1878 2885 deitatum

1097 2921 1194 2977 coacto,
1203 2917 1234 2967 de
1241 2921 1352 2970 societate
1362 2921 1416 2971 belli
1426 2924 1498 2973 serbe
1507 2925 1537 2974 ad
1546 2940 1588 2976 eos
1598 2928 1662 2985 iecit.
1694 2934 1796 2994 Legatos
1804 2939 1877 2988 etiam

1097 3018 1878 3101 adcivitatesmisitcummandstis,utmagistratus,iuoligsrebia

1097 3121 1213 3184 Antipatri
1220 3124 1290 3186 iussu
1301 3131 1406 3189 creatos,
1416 3137 1525 3180 necarent
1534 3137 1573 3193 ,et
1583 3136 1670 3198 populo
1678 3138 1719 3200 jus
1728 3142 1812 3192 utendi
1821 3143 1876 3207 legi·

1098 3225 1143 3274 bus
1154 3228 1278 3287 pristinum
1291 3230 1424 3283 redderent.
1471 3236 1505 3298 (l)
1518 3240 1570 3287 lllos
1580 3252 1595 3287 a
1604 3241 1724 3304 plerisque
1735 3246 1876 3311 gerebatur,

1097 3329 1202 3393 dumque
1218 3333 1296 3383 caedes
1311 3349 1354 3397 per
1373 3337 1444 3388 urbes
1460 3340 1534 3402 irunt,
1549 3347 1574 3391 et
1591 3358 1646 3406 pars
1663 3347 1734 3396 exilio
1750 3351 1875 3415 maritatur,

1097 3436 1214 3498 Antipatri
1224 3441 1326 3501 partium
1334 3443 1436 3494 studiosi
1445 3448 1677 3514 pessumdabantur,
1689 3456 1713 3504 et
1724 3458 1874 3521 respublicae,

1096 3541 1175 3601 legum
1186 3554 1284 3592 suarum
1294 3547 1435 3596 auctoritate
1444 3555 1594 3614 recuperata,
1608 3568 1663 3604 cum
1674 3558 1876 3623 Polysperciionte

1096 3644 1232 3695 societatem
1259 3648 1361 3699 coibant.
1405 3654 1577 3715 llegalopolitae
1599 3660 1643 3708 soli
1669 3665 1798 3717 amicitiam
1819 3672 1876 3719 Cas·

1095 3747 1175 3797 sentiri
1192 3751 1329 3801 tuebantur.
1361 3757 1452 3804 Homm
1466 3757 1538 3819 igitur
1556 3761 1639 3812 urbem
1655 3765 1811 3820 obsidendam
1828 3778 1874 3822 sta·

1097 3852 1149 3901 tuit.

1125 3963 1196 4011 Lxx.
1222 3965 1403 4028 Megalopolim,
1417 3972 1502 4020 conatu
1517 3973 1724 4038 Polysperclrontis
1737 3980 1874 4047 intellecto,

1095 4063 1231 4125 plebiscito,
1244 4066 1360 4130 quidquid
1376 4070 1399 4118 in
1416 4085 1473 4133 agro
1486 4078 1563 4135 esset,
1574 4077 1599 4127 iu
1611 4080 1695 4130 urbem
1706 4082 1821 4136 reducere
1829 4088 1873 4139 de·

1093 4173 1202 4218 cernunt.
1236 4173 1347 4235 Dumque
1358 4175 1446 4225 civium
1458 4180 1482 4228 et
1493 4182 1669 4241 peregrinorum
1681 4199 1737 4236 oum
1746 4191 1824 4240 servis
1831 4206 1874 4242 uu·

1093 4283 1186 4320 merum
1197 4272 1338 4335 instituunt,
1348 4278 1486 4339 quindecim
1495 4281 1568 4332 millia
1576 4283 1738 4349 inveniuntur,
1750 4293 1793 4354 qui
1806 4294 1873 4345 belli·

1092 4375 1127 4424 cis
1135 4375 1219 4426 usibus
1230 4379 1280 4442 apti
1298 4380 1382 4430 loreut.
1415 4385 1546 4436 Οοιιθεείῖιιι
1557 4400 1613 4450 ergo
1631 4396 1721 4451 partem
1733 4394 1757 4444 in
1776 4397 1874 4450 ordines

1092 4481 1219 4541 coaptant,
1229 4484 1319 4544 partem
1328 4484 1359 4532 ad
1366 4498 1466 4547 operum
1475 4488 1605 4540 ministeria
1614 4492 1740 4556 adlaibent;
1750 4502 1874 4554 nouandis

1093 4584 1208 4633 maenium
1223 4587 1397 4639 aocnrotiunem
1409 4590 1561 4643 demndant.
1595 4596 1628 4659 (t)
1645 4600 1681 4647 lla
1691 4599 1764 4651 tiebat
1780 4606 1808 4652 ut
1822 4619 1873 4657 una

1092 4687 1225 4751 eodemque
1240 4694 1346 4752 tempore
1362 4692 1402 4741 alii
1417 4686 1558 4757 profundam
1576 4699 1667 4750 circum
1683 4703 1766 4753 orbern
1783 4707 1873 4760 fossam

1092 4795 1274 4856 egererent,alii
1283 4810 1312 4846 ex
1324 4810 1380 4860 agro
1391 4800 1466 4850 salios
1474 4809 1665 4868 comportarent,
1674 4811 1782 4861 nonnulli
1792 4818 1872 4875 partes

1092 4904 1216 4941 murorum
1235 4891 1386 4945 labefactatas
1405 4898 1558 4960 resarcirent,
1577 4901 1616 4951 alii
1629 4916 1686 4953 vero
1701 4906 1817 4959 cudendis
1834 4925 1863 4960 ar

1092 4987 1150 5048 mis,
1161 5000 1188 5035 ac
1200 4989 1326 5052 catapultis
1335 4994 1462 5042 scriturum
1474 4994 1598 5046 missilium
1613 4999 1764 5052 conficiendis
1772 5018 1870 5068 operam

1090 5082 1174 5131 darent
1183 5103 1189 5134 ε
1198 5083 1257 5133 adeo
1268 5088 1294 5135 ut
1307 5090 1356 5136 tota
1371 5089 1454 5139 civitas
1468 5091 1572 5154 inopere
1586 5102 1729 5158 versaretur,
1741 5112 1818 5161 quum
1835 5104 1869 5154 ub

1091 5178 1199 5228 virorum
1209 5183 1406 5243 promtitodiucm
1417 5186 1589 5253 abcerrirnem,
1597 5194 1648 5240 tum
1660 5192 1691 5242 ob
1701 5193 1802 5256 pericula
1807 5198 1866 5259 jam«
