3894 5912
349 391 372 463 tJ
904 380 1124 444 runcano,

396 520 487 590 Huic
504 520 611 614 igitur
630 519 706 589 viro
729 517 838 589 docto
859 517 1033 589 debemus
1052 515 1152 614 quod
1172 541 1246 588 nou
1268 516 1384 588 solum
1410 542 1529 588 veram
1549 515 1685 588 codicis

350 644 385 713 in
404 643 494 714 locis
516 642 682 739 plurimis
700 665 798 711 nunc
826 640 982 737 primum
1006 641 1243 735 cognovimus
1263 639 1494 736 scripturam,
1519 639 1579 711 sed
1605 664 1682 710 cam

349 766 456 836 etiam
479 763 760 836 emendatiorem
781 787 872 859 saepe
893 787 1002 858 quam
1021 760 1118 859 apud
1143 761 1319 832 Valesium
1338 761 1685 858 locupletioremque

346 912 461 983 quum
477 887 626 982 singuiis
643 885 828 957 vocabulis
846 900 923 956 tum
943 886 1048 956 semei
1066 883 1215 981 quidem
1229 885 1314 979 (rol.
1332 911 1371 973 α,
1389 909 1426 980 p.
1446 882 1531 981 570)
1546 884 1684 979 integro

346 1035 408 1105 qm
429 1010 604 1080 Valesium
622 1009 758 1104 fugerat
776 1033 889 1079 versu.
914 1012 983 1078 Neo
997 1008 1228 1104 superstitum
1244 1006 1421 1077 librorum
1437 1022 1621 1103 excerpta,
1645 1008 1683 1076 in

345 1135 479 1225 quibus
497 1129 685 1199 omisimus
698 1128 869 1223 quasjam
885 1127 1058 1211 Valesius,
1079 1152 1115 1223 p.
1138 1132 1218 1213 1⁴24,
1234 1141 1470 1197 annotaverat
1484 1129 1669 1196 varietates

345 1274 428 1320 cum
455 1248 561 1320 editis
583 1248 777 1320 contulisse
803 1248 931 1318 inutile
951 1249 1018 1318 erit
1040 1249 1230 1343 cognituro
1254 1245 1443 1344 quomodo
1469 1248 1504 1316 in
1531 1247 1673 1340 negotio

344 1397 409 1444 suo
432 1373 558 1444 versati
577 1373 649 1444 sint
667 1372 845 1466 eciogarii.

394 1497 581 1567 Rationem
598 1497 734 1567 veroin
750 1493 964 1566 exhibendis
981 1495 1023 1565 iis
1043 1520 1124 1592 quae
1138 1494 1329 1565 nobiscum
1349 1493 1679 1565 communicaverat

305 1704 308 1709 Ι
347 1623 383 1688 E.
406 1623 515 1706 Gros,
540 1619 635 1689 hano
656 1619 861 1706 tenuimuS,
887 1635 925 1690 ut
945 1617 1108 1690 secundo
1130 1617 1279 1715 quidem
1300 1617 1485 1688 volumine
1505 1619 1680 1713 recipere·

347 1763 428 1809 urus
450 1739 485 1809 in
507 1739 676 1810 ordinem
698 1763 788 1834 ‹pras
808 1737 938 1810 tabulae
957 1739 1031 1833 jam
1053 1738 1137 1809 susae
1159 1736 1389 1809 admitterent
1415 1738 1678 1824 correctionem

344 1877 479 1933 ceteras
504 1863 636 1960 pariter
658 1877 767 1958 atque
790 1886 850 1933 cas
868 1887 948 1957 quae
964 1860 1012 1933 ad
1034 1863 1134 1959 prius
1150 1876 1311 1959 spectant
1329 1862 1404 1956 jam
1422 1860 1559 1932 editum
1584 1861 1681 1930 rolu-

346 2011 428 2056 meu
449 2011 490 2058 ex
508 1985 627 2057 indice
639 1986 801 2082 sequenti
817 2001 940 2083 petent
953 2011 1110 2082 quorum
1127 1986 1285 2057 intererit
1303 2013 1311 2055 ε
1327 1986 1362 2055 in
1376 2010 1456 2082 quo
1470 1985 1678 2054 asteriscum

346 2110 563 2207 praeiisiurus
579 2112 622 2181 iis
640 2109 812 2181 omnibus
826 2135 908 2207 quae
923 2124 983 2180 aut
1009 2124 1148 2205 recepta
1165 2123 1280 2179 essent
1297 2122 1358 2178 aut
1381 2103 1610 2202 recipienda,
1638 2119 1675 2175 nt

347 2233 571 2304 intuentibus
597 2247 782 2330 appareret
808 2232 896 2328 quid
920 2233 1132 2302 incrementi
1157 2231 1225 2301 hac
1248 2255 1357 2327 opera
1384 2228 1532 2326 cepisset
1557 2252 1677 2298 emen·

346 2353 443 2425 ilatio
464 2354 624 2426 Diodori.
