3994 5924
264 438 322 488 sse
909 420 1071 486 biobolli
1092 421 1216 487 Siclill

259 559 324 607 xlx.
339 583 371 599 .-
379 558 462 617 Pupia
478 554 604 604 uentris.
616 553 670 603 indi
684 553 770 603 iteum
786 553 811 602 in
830 552 910 615 legam
921 555 977 616 acti,
994 554 1037 604 sed
1112 555 1285 617 inrepentes
1296 555 1355 607 inda
1363 556 1410 607 erti
1421 557 1471 609 Pali
1482 560 1508 609 st
1516 560 1635 623 iiapn,et
1644 574 1684 626 per
1700 563 1745 612 lios
1758 576 1863 628 occupa·

290 625 444 675 slebrobates
457 638 499 674 rer
512 625 588 673 edem
605 623 718 673 restituit.
729 623 817 684 Regina
829 624 928 674 vulnere
940 630 1039 687 naepte
1113 630 1144 674 le
1154 626 1233 675 terrae
1245 629 1326 685 Sace,
1336 628 1491 688 Massagetae,
1503 629 1629 692 Arimaspi.

291 698 333 745 rix
346 709 402 746 cum
411 695 481 745 tertia
490 694 610 743 exercitus
620 696 687 757 parte
695 694 779 743 erasit.
1083 696 1168 744 xblv.
1181 723 1212 737 -
1223 696 1352 754 Anarcbla,
1360 695 1445 747 dende
1454 701 1624 759 gyuaemnalia
1634 702 1699 763 apud
1710 703 1820 764 Scythas.

259 768 313 816 lix.
326 793 355 806 --
364 763 645 815 Samiramisobinsidlas
655 763 728 811 lectas
737 766 762 812 et
771 775 863 813 memor
871 763 961 812 emenii
971 762 1040 812 ieris
1083 766 1156 814 XLV.
1170 764 1298 814 Mulierum
1312 764 1376 829 apud
1388 767 1490 827 Scythas
1500 769 1635 830 exemtus,
1646 771 1782 820 malesems
1801 772 1868 822 den

291 834 416 886 Ammonis
424 834 508 895 Minyae
517 832 567 881 illie
585 845 684 892 Quem
694 832 775 882 tradit.
785 832 916 883 cuniest
927 831 1039 892 evanuit3
1114 838 1262 883 Annamnum
1276 836 1348 885 natio
1360 836 1515 899 Themiseyra
1524 842 1673 888 Amazonum
1685 839 1744 889 urhe
1754 841 1784 890 ad
1802 844 1871 893 ostia

291 904 324 954 ab
343 904 446 967 Assyriis
463 902 550 952 deinde
571 902 633 953 inter
652 901 710 952 deos
728 902 801 951 relata
816 906 841 952 et
858 901 904 951 sub
923 901 1040 951 euluurhaa
1114 901 1306 953 Thermodontis.
1318 909 1466 954 Amazonum
1478 920 1517 956 res
1526 907 1619 957 tortitm
1627 912 1700 969 geste
1708 915 1733 959 et
1744 911 1867 961 venne.

292 973 394 1035 inagna
405 973 479 1022 culta.
489 972 622 1034 scriptores
633 974 786 1022 recensentur
793 972 835 1034 qui
845 971 875 1021 de
886 971 1041 1023 seurlrsmlde
1084 973 1165 1021 xbvl.
1179 999 1212 1012 -
1229 971 1463 1023 Herculisedrersus
1474 979 1606 1025 Amorem
1615 976 1766 1039 expeditione
1781 979 1869 1030 baala

292 1044 388 1094 diruas
404 1046 509 1093 narraui.
1115 1050 1196 1089 mrum
1207 1053 1272 1102 opes.
1291 1042 1408 1091 Paulatim
1425 1055 1440 1091 a
1455 1043 1540 1094 amieis
1555 1044 1680 1096 deheim
1693 1051 1719 1096 et
1728 1049 1869 1099 castinum.

263 1116 329 1164 llxl.
340 1144 371 1155 -
383 1115 466 1175 liinyoe
477 1114 502 1164 et
511 1124 676 1162 suceessorum
685 1111 792 1160 emelim
801 1123 843 1175 per
855 1116 885 1161 3ο
900 1112 984 1160 aristes
992 1111 1042 1159 rite
1115 1108 1263 1159 Penthesilea
1272 1110 1356 1160 ultima
1366 1116 1512 1162 mum
1522 1114 1616 1177 regine,
1627 1117 1798 1179 tammonem
1807 1121 1871 1169 τω.

293 1183 422 1234 desidiosa.
443 1181 624 1245 Sardanapallus
642 1181 751 1234 ulhmus.
765 1184 834 1231 Tuuo
849 1179 947 1243 Assyria
964 1179 1042 1230 Medis
1113 1176 1172 1238 iani.

295 1254 412 1315 subjaces,
1085 1248 1179 1297 xbvli.
1188 1273 1219 1282 -
1228 1248 1384 1311 Hyperborei.
1392 1251 1540 1301 Temenites
1548 1266 1579 1302 ex
1591 1255 1711 1303 umiae.
1723 1256 1816 1305 latona
1826 1256 1864 1306 ibi

264 1324 341 1372 xxii.
352 1349 385 1364 -
401 1326 421 1371 Ε
438 1325 474 1371 tot
490 1320 600 1370 obscuris
618 1320 770 1382 Assyriorum
794 1319 890 1381 regibus
905 1321 1037 1369 Teutamns
1116 1319 1172 1365 usta
1186 1315 1287 1381 iquue
1298 1318 1414 1382 Apollinis
1425 1320 1503 1370 cultus
1515 1323 1659 1384 precipuus.
1671 1324 1766 1373 Etlmia
1778 1338 1869 1375 mm

295 1391 469 1449 uremembilis,
489 1391 530 1452 qui
554 1390 635 1452 cupies
655 1389 687 1438 ed
707 1389 798 1438 bellem
813 1388 941 1448 Troianum
964 1387 1031 1436 misit
1117 1385 1140 1432 io
1153 1388 1634 1452 Grauesamlciliadmnaipsisprosima.
1648 1392 1872 1457 Apollinisepipbn·

295 1459 445 1509 llanrrudnx
459 1457 837 1521 Memnon,aqucraemucnisl.
852 1471 874 1507 e.
888 1457 953 1507 ardes
972 1455 1043 1518 reple
1117 1452 1157 1503 ala
1169 1459 1194 1503 ei
1211 1467 1288 1506 mnus
1308 1459 1416 1507 Metonis
1437 1460 1566 1521 imperirne
1585 1462 1623 1510 est
1643 1474 1716 1523 penes
1733 1464 1869 1513 Menan.

302 1527 370 1577 Susis
381 1527 520 1577 steinsela.
1087 1525 1193 1572 xlviii.
1202 1550 1233 1560 -
1244 1526 1348 1575 Arabes.
1360 1529 1470 1588 llegionis
1481 1530 1550 1579 silus.
1559 1531 1770 1580 versnsorienlem
1778 1534 1869 1582 liobe·

264 1600 352 1647 xxiii.
364 1626 394 1638 -
404 1596 565 1659 Sardanapalli
577 1597 626 1644 vita
636 1595 767 1644 lrrxeriose.
1118 1595 1162 1641 ital
1174 1599 1260 1643 terrm
1278 1597 1382 1646 sterilem
1400 1599 1521 1659 (Arabiam
1532 1599 1650 1649 desertam
1659 1603 1684 1649 el
1695 1606 1818 1663 petraeam)
1831 1604 1870 1652 in·

263 1669 350 1716 xxiv.
365 1693 396 1703 -
409 1667 512 1716 Arhaees
526 1670 551 1715 et
567 1665 664 1728 Relesys
680 1664 820 1714 delectionis
836 1663 934 1712 sensilia
949 1662 1041 1712 inerret.
1120 1663 1215 1723 uolunt,
1227 1664 1273 1726 ipsi
1286 1666 1414 1717 htrouuiie
1425 1668 1522 1718 nobiles
1534 1673 1604 1719 Petra
1613 1671 1710 1731 iugens,
1719 1672 1786 1721 lacrrs
1797 1673 1869 1721 bitu·

296 1737 472 1797 insurgentium
482 1734 765 1797 ceutrnsardanapallem
772 1739 861 1784 coacte
869 1733 945 1797 sepire
952 1735 976 1783 et
986 1732 1042 1782 socil
1118 1744 1173 1781 meu
1183 1746 1320 1795 procreans,
1333 1736 1465 1787 balsamum
1477 1739 1549 1800 stirps
1558 1739 1675 1799 indigene.

297 1805 415 1855 advocati.
1087 1804 1170 1852 XLIX.
1184 1830 1216 1843 -
1234 1804 1332 1854 Arehie
1343 1806 1424 1865 selle.
1438 1807 1553 1870 stirpium
1566 1809 1743 1859 lructllerarum
1753 1815 1776 1860 ei
1786 1811 1868 1860 Meri·

264 1878 339 1925 xxv.
347 1876 467 1925 -Trihus
476 1874 564 1938 praeliis
573 1874 673 1923 rebelles
684 1872 956 1936 rineitserdanapalius.
1119 1871 1225 1921 terarum
1236 1886 1329 1934 genera

266 1948 353 1996 xliiii.
363 1973 394 1982 —
400 1945 569 2007 sardanapalla
579 1957 648 1992 neure
657 1944 733 2006 coplae
743 1957 757 1993 e
766 1944 888 1993 Bactriana
897 1943 985 1992 misam
998 1940 1044 1990 Sed
1088 1943 1115 1990 1..
1124 1943 1163 1989 hl.
1170 1946 1298 1991 -Aerum
1307 1956 1408 2006 apyrena
1416 1943 1510 1994 Arablae
1522 1945 1605 1994 lelicis.
1617 1949 1733 1996 Pacorum
1742 1948 1870 1998 abundan-

301 2017 339 2065 ha
352 2017 491 2078 interceptae
510 2020 535 2064 et
548 2015 578 2063 ad
588 2015 745 2063 delectionem
758 2014 850 2063 illectae.
861 2012 1044 2075 Sardanapallus
1119 2010 1160 2059 lia.
1169 2012 1359 2062 struthocameli.
1372 2013 1591 2075 camelopardalee,
1599 2017 1729 2080 tragelaphi
1738 2023 1762 2066 et
1773 2018 1868 2068 bubali.

297 2085 385 2147 triplici
402 2085 504 2133 uictoria
519 2084 598 2133 elatus
613 2088 637 2132 et
654 2096 723 2131 neem
744 2082 881 2131 delectionis
897 2081 995 2141 ignarus
1013 2079 1042 2128 ad
1089 2081 1140 2129 Lll.
1151 2107 1183 2120 -
1194 2081 1297 2143 Lapides
1314 2083 1408 2131 Arabiae
1429 2084 1506 2133 leticie
1526 2104 1531 2133 ι
1556 2087 1695 2147 crystallus,
1712 2088 1869 2149 smuagdns,

297 2155 421 2216 pristinam
439 2154 557 2216 ignaviam
576 2167 602 2203 se
620 2153 747 2201 morentii.
767 2151 833 2212 liegii
850 2156 922 2200 noctu
938 2149 1045 2212 oppressi
1120 2148 1227 2210 beryllis.
1240 2153 1437 2212 negenentiena
1454 2166 1603 2213 gemmarum
1614 2155 1638 2203 iu
1650 2156 1737 2205 Arabia
1750 2170 1793 2218 per
1808 2159 1870 2208 soils

298 2223 437 2271 lrmdrrntur.
1119 2218 1456 2283 caloremphiiesoplremena.

266 2287 1046 2353 xxvii.·-sardanapallusinterliumaunumobsidioneclausus
1090 2291 1190 2338 ulli.-
1205 2290 1263 2339 Aliae
1279 2292 1434 2353 proprietates
1451 2294 1569 2341 terrarum
1581 2293 1732 2344 oneutaiium
1747 2308 1762 2343 a
1778 2296 1870 2357 maiore

298 2367 399 2412 tenetur.
411 2363 545 2424 Euphrates
554 2361 615 2409 iacta
626 2359 785 2409 exundatione
794 2360 856 2408 muri
866 2364 957 2421 partem
964 2359 1045 2408 diruit.
1120 2358 1176 2409 selis
1186 2359 1273 2408 celero.

297 2435 359 2482 Tum
369 2446 410 2481 rex
420 2432 512 2491 abjecta
520 2444 562 2492 spe
574 2430 767 2479 inceudloomnia
774 2429 837 2479 delet
846 2432 871 2479 et
882 2436 958 2481 mmet
966 2429 1045 2493 ipsum
1089 2430 1152 2478 LIV.
1164 2459 1195 2470 -
1202 2428 1290 2478 Arabes
1298 2430 1396 2479 srauitm
1405 2442 1427 2478 s.
1439 2433 1550 2480 Pastores
1559 2444 1643 2481 reses
1655 2431 1788 2483 meridiem.
1801 2433 1869 2494 sgn-

298 2503 402 2566 perimit.
413 2502 518 2552 Arbacus
529 2500 655 2549 coelestim
665 2512 706 2548 rex
715 2498 855 2561 appellatus.
1119 2499 1179 2547 cotue
1188 2503 1213 2548 et
1221 2501 1366 2548 mercatores
1378 2511 1461 2549 sersus
1470 2501 1572 2563 Syriam.
1584 2501 1728 2551 Amnrallum
1736 2516 1850 2553 recensus
1861 2519 1868 2553 :

267 2575 378 2625 xxviii.
387 2602 418 2615 -
425 2570 527 2621 Arbores
533 2583 574 2619 res
581 2569 676 2632 pietatis
684 2568 813 2630 specimina
822 2569 846 2617 iu
853 2569 943 2619 emices
951 2568 1047 2618 erirlbet
1120 2568 1252 2631 praesertim
1263 2568 1395 2631 eleplunti,
1406 2570 1491 2620 cameli
1504 2571 1562 2620 rarii
1575 2572 1675 2633 generis.

298 2647 323 2693 el
343 2640 497 2703 indulgentie
508 2640 633 2702 precipue
649 2638 672 2687 lu
689 2637 803 2699 Belcsyu,
814 2638 856 2700 qui
871 2650 982 2701 mgnum
997 2638 1046 2687 rim
1090 2641 1140 2690 LV.
1152 2668 1183 2679 -
1198 2640 1294 2690 ipsulm
1306 2643 1445 2702 insepultae
1454 2643 1477 2691 in
1487 2646 1581 2692 oceane
1590 2643 1739 2693 meridionali
1751 2645 1783 2693 ab
1800 2649 1869 2695 leer-

297 2712 348 2762 auri
360 2710 406 2760 sub
416 2710 496 2760 cluere
506 2708 670 2761 absconditam
682 2707 764 2757 imude
772 2706 912 2758 abstulerat.
925 2708 1000 2771 llepnl
1011 2720 1046 2759 se
1121 2708 1180 2759 belo
1188 2707 1321 2772 desenptm
1334 2709 1456 2760 lambeles
1466 2711 1497 2760 ah
1505 2712 1656 2775 AEtlrlepibus
1666 2716 1750 2776 captus
1756 2714 1869 2766 letarde·

298 2783 341 2832 des
353 2778 557 2839 Ecbatannriine
567 2777 654 2826 deleta.
1122 2779 1231 2829 rotmad
1243 2779 1559 2842 insulasbeatasablegatur.

267 2856 353 2906 xxix.
364 2876 395 2888 -
407 2854 442 2900 De
456 2847 770 2909 cbaldoeiellabyleeiorurn
781 2846 944 2897 sacerdotibus
953 2848 978 2897 et
991 2860 1047 2896 em·
1090 2850 1153 2899 hill.
1171 2878 1203 2890 -
1218 2849 1352 2899 lucubrum
1373 2850 1398 2899 in
1411 2850 1496 2900 insulis
1507 2851 1745 2913 incommodatura,
1760 2855 1869 2916 ceques

297 2924 363 2973 dltls.
373 2919 547 2972 Eorumelllcia
555 2922 580 2968 et
588 2917 973 2980 discipliuaecumparauturcum
981 2919 1047 2966 Gra·
1121 2918 1292 2981 proprietates,
1305 2919 1386 2981 lingua
1397 2919 1498 2981 genuina.
1507 2920 1568 2971 celi
1578 2921 1704 2984 temperies
1711 2923 1868 2985 mitis,arbu·

298 3003 382 3041 eorem
393 2988 550 3053 pbilosophis.
1121 2988 1518 3051 rumiructuspertetumannem.

269 3066 343 3113 xxx.
351 3090 383 3103 -
390 3059 559 3111 clnaldanerem
569 3055 720 3107 sacerdotum
729 3054 874 3105 doctrinada
882 3055 978 3115 mundo,
988 3054 1047 3114 deo,
1091 3058 1164 3107 nvn.
1175 3061 1273 3107 nuens
1284 3058 1310 3107 ln
1318 3058 1403 3109 insulis
1414 3060 1543 3121 incognitis
1552 3062 1656 3123 eopiosa.
1666 3061 1800 3112 hiterarem
1815 3066 1868 3112 ste·

300 3130 459 3196 previdentia.
473 3129 625 3178 Pisuetarnm
638 3127 663 3176 et
678 3125 801 3175 stellarum
812 3125 917 3173 lixarum
932 3129 1046 3186 systema.
1122 3124 1174 3185 dir,
1200 3126 1304 3177 maxime
1328 3128 1462 3190 astrologia.
1488 3132 1555 3179 AElas
1577 3129 1722 3192 Mepsslma.
1746 3134 1868 3195 Scriptura

267 3204 352 3254 xxiii.
363 3227 394 3237 -
406 3198 574 3249 chaldeorum
594 3195 745 3247 sacerdotnm
766 3208 795 3243 ea
815 3195 942 3257 astrologia
961 3199 1049 3243 semla
1122 3195 1234 3245 doenum
1249 3197 1330 3246 ducta.
1346 3198 1402 3247 Vita
1412 3198 1463 3260 lega
1474 3198 1580 3248 delinita.

297 3269 473 3334 predictioees.
493 3273 519 3317 tn
533 3267 615 3316 stellas
636 3269 704 3315 extra
724 3264 848 3313 zodiacum
860 3263 1009 3324 viventibus,
1021 3269 1048 3312 ll
1092 3265 1215 3315 hvnc-
1225 3265 1338 3315 Mulieres
1346 3266 1372 3315 iu
1386 3267 1471 3317 inseiis
1479 3268 1569 3317 ocem
1578 3268 1705 3329 irreegeltis
1717 3281 1866 3319 minuens.

298 3341 378 3390 stelias
389 3336 628 3389 mortuisdestlnntas
638 3338 729 3399 putent.
740 3337 774 3383 De
784 3334 852 3388 luna.
863 3337 934 3384 terra.
944 3334 1049 3384 cinene·
1123 3334 1241 3384 Animalia
1252 3334 1321 3397 plane
1330 3336 1466 3397 peculiaria
1484 3340 1615 3387 Puerorum
1631 3338 1724 3399 ingenia
1740 3352 1783 3401 per
1800 3340 1868 3388 vule-

298 3407 470 3471 loglalntlulta.
1122 3402 1392 3465 membranarum
1408 3406 1727 3468 meximnsrexlnsingelis
1746 3407 1867 3457 tribubus.

268 3483 366 3532 xxxll.
379 3504 410 3516 -
422 3477 547 3527 Medorum
557 3473 663 3524 historia.
676 3476 791 3523 Auctores
810 3471 945 3521 Herodotus
955 3474 980 3522 et
996 3475 1048 3522 cte
1123 3472 1211 3522 insulas
1222 3477 1280 3521 suet
1289 3477 1389 3535 septem.

298 3549 399 3600 siassub
408 3559 508 3597 eramen
517 3548 641 3594 recanten.
653 3546 744 3606 ilegum
755 3542 919 3591 successiones
928 3554 1005 3603 usqne
1018 3541 1049 3591 sd
1093 3545 1153 3593 bix.
1168 3570 1200 3583 -
1209 3542 1294 3591 Victus
1311 3542 1370 3592 rstle
1381 3542 1405 3591 iu
1416 3543 1502 3593 insulis
1513 3544 1601 3595 oceani
1616 3545 1741 3604 incognitis
1757 3544 1865 3607 irnpalis.

298 3622 414 3669 eremum.
1132 3611 1179 3660 Dii.
1192 3613 1273 3661 Terrae
1284 3616 1414 3673 prorantes
1431 3617 1457 3662 et
1476 3613 1596 3663 animate
1609 3615 1726 3664 vestitus.
1739 3616 1868 3665 Sacrorum

269 3691 383 3741 xxxiii.
396 3716 427 3728 -
438 3683 523 3741 Ariani,
533 3681 657 3732 bladorum
667 3681 741 3742 reple,
751 3679 840 3728 bellum
852 3691 906 3727 cum
916 3677 1033 3728 Cadusiis.
1123 3687 1148 3731 et
1161 3682 1272 3730 tenerum
1282 3682 1350 3730 ratio.

269 3760 377 3811 xxxiv.
393 3782 425 3792 -
443 3756 545 3814 Artynes
558 3757 582 3801 et
595 3751 715 3800 Astiberas
736 3749 859 3799 Medorum
876 3762 951 3810 reges.
968 3750 1048 3799 Partiri
1092 3750 1293 3802 Lx.—laurbuli
1303 3750 1394 3800 reditus
1403 3750 1428 3799 lu
1437 3752 1565 3802 Graeciam.

299 3826 414 3877 desidunt
425 3822 455 3871 ad
470 3827 550 3872 sacae.
560 3821 618 3869 iude
629 3820 719 3868 bellem
734 3832 789 3867 cum
803 3818 876 3867 Sacis.
887 3821 953 3866 mern
965 3818 1049 3867 mulie·

299 3909 353 3945 rum
365 3892 451 3945 lereeia
461 3889 526 3939 clari.
538 3889 626 3950 Regina
635 3888 717 3936 zerim
724 3887 838 3949 sapientia
845 3888 869 3935 et
883 3886 972 3934 virtute
984 3887 1049 3935 nobi-

299 3965 398 4014 lisslme.
419 3963 601 4010 Monumentum
621 3956 753 4019 sepulcrale
774 3956 796 4004 ei
819 3954 914 4018 publice
927 3969 1048 4005 enumcra-
1403 3968 1476 4028 ΠΒ,
1499 3968 1554 4027 111·

299 4038 361 4082 tem.
379 4028 486 4093 Aspedss
505 4027 639 4093 (Astyages)
652 4025 751 4073 rrltlmus
760 4023 885 4073 Medorum
897 4038 939 4074 rea
954 4038 969 4074 a
986 4028 1049 4088 cyre

299 4103 380 4151 rictus
391 4115 397 4150 :
409 4099 488 4149 Media
505 4100 631 4146 Persarum
641 4094 770 4158 provincia.
1094 4100 1154 4146 1.-
1165 4099 1273 4145 Deorum
1284 4094 1390 4159 priorum
1402 4095 1518 4145 librorum
1529 4095 1609 4145 brevis
1617 4095 1759 4158 complexio.

272 4173 370 4222 xxxv.
382 4199 413 4211 -
426 4168 501 4218 india.
512 4166 622 4227 Regionis
633 4165 695 4213 situs
703 4167 729 4213 et
741 4161 890 4224 magnitudo.
1092 4169 1156 4216 ll.-
1163 4165 1314 4227 AEtirlepnm
1324 4165 1429 4215 tristeris.
1438 4166 1468 4215 iii
1476 4165 1546 4226 primi
1555 4164 1874 4229 heminesiuisserideetur,

270 4242 381 4291 xxxvl.
394 4233 653 4287 -Prereeteslndire
664 4233 807 4295 multiplices
816 4234 841 4281 et
851 4231 950 4293 copiosi.
1123 4240 1206 4297 utpote
1225 4235 1399 4285 autochthones
1418 4234 1511 4297 solique
1533 4234 1644 4297 proximi.
1663 4234 1737 4283 Primi
1755 4234 1815 4285 dees
1831 4250 1873 4286 ce

270 4312 389 4361 xxxvii.
400 4337 430 4350 -
437 4306 546 4357 Flemina
556 4303 639 4363 indiae,
649 4302 758 4366 inprimis
769 4305 863 4362 Ganges
871 4303 896 4350 et
904 4301 986 4351 indus.
1123 4305 1231 4363 luerent,
1242 4303 1344 4367 ideoque
1359 4304 1406 4354 diis
1419 4303 1480 4366 grau
1488 4309 1513 4355 et
1526 4305 1573 4354 tuti
1583 4304 1616 4354 ab
1626 4308 1779 4354 externorum
1794 4319 1873 4367 pepe·

270 4375 591 4430 xxxvlll.-indiomnes
607 4372 733 4433 indigenae.
749 4370 927 4432 Antiquissima
944 4371 1049 4422 historica
1123 4375 1201 4424 lerum
1212 4374 1320 4437 imperio.

302 4450 434 4511 fragmenta
444 4462 451 4494 :
462 4445 571 4495 Bacchus
582 4456 612 4492 ee
623 4441 692 4490 duxit
703 4441 848 4502 exercitum,
860 4440 926 4501 agri,
938 4440 988 4490 vini
1000 4443 1049 4493 cul·
1095 4446 1137 4493 ill.
1149 4473 1181 4485 -
1192 4446 1228 4493 Ex
1243 4442 1362 4506 AEthiopia
1376 4443 1400 4492 in
1413 4443 1541 4505 AEgyptnru
1557 4440 1650 4492 eolonla
1665 4441 1696 4491 ab
1713 4441 1809 4491 osiride
1825 4441 1870 4493 de-

301 4521 393 4576 turem,
405 4520 480 4573 artes,
489 4514 630 4575 religiones,
640 4511 704 4574 leges
714 4510 807 4560 docuit:
816 4510 938 4573 indeque
948 4524 1045 4573 mum
1123 4511 1204 4561 ducta
1214 4515 1288 4575 begea
1295 4517 1320 4563 et
1327 4513 1387 4562 ritus
1393 4512 1547 4562 iidemldem
1555 4512 1771 4574 scripturaegenes,
1780 4524 1869 4574 nempe

303 4601 345 4649 per
357 4592 385 4635 sn
396 4596 472 4633 annes
480 4582 565 4632 tenuit.
1124 4581 1338 4644 lrleroglyphicum.
1351 4585 1422 4632 sacra
1433 4582 1506 4632 etiam
1516 4593 1646 4643 regumque
1663 4581 1765 4642 insignia
1774 4580 1870 4631 sedern

271 4658 376 4707 xxxix.
391 4681 422 4695 -
431 4657 489 4702 Pest
498 4652 618 4701 &schum
631 4663 731 4712 regnum
741 4649 817 4699 indiae
828 4648 941 4699 ilerenles
952 4663 1050 4713 occupa·
1093 4654 1134 4701 lv.
1146 4678 1178 4688 -
1187 4654 1220 4700 lie
1230 4651 1303 4700 literis
1314 4650 1454 4714 AEthiepicis
1467 4652 1518 4700 sive
1529 4650 1720 4712 hieroglyphiels.

301 4725 337 4773 rit
347 4729 372 4773 et
384 4736 427 4785 pre
442 4734 543 4770 numere
554 4725 665 4770 natorum
677 4720 779 4782 inplere
790 4718 958 4780 regundieisit
1093 4723 1123 4770 v.
1136 4719 1360 4782 LegesAEthiopum
1368 4717 1869 4782 singulares:regesesaeerdetihusacper

271 4796 322 4844 XL.
332 4794 394 4841 xlx.
413 4821 444 4832 -
455 4789 539 4852 Populi
550 4789 575 4839 in
586 4789 655 4838 ledia
665 4789 761 4838 ordines
772 4793 864 4852 septem
882 4802 888 4835 z
901 4787 1050 4850 philosophi,
1125 4789 1259 4840 secerdotes
1270 4791 1380 4851 leguntur
1393 4804 1399 4838 :
1415 4789 1487 4839 iidem
1498 4789 1597 4839 arbitrie
1615 4802 1660 4837 sue
1672 4788 1746 4849 nihil,
1762 4789 1845 4837 emula
1856 4801 1871 4837 e

302 4860 423 4923 agricolae,
434 4864 556 4922 pastores,
575 4859 690 4919 artilioes,
700 4858 801 4917 milites,
810 4857 907 4921 ephori,
921 4862 1050 4907 semteres.
1124 4861 1216 4923 legibus
1228 4861 1366 4911 decernunt.
1382 4860 1467 4919 Mortis
1478 4873 1548 4923 poeue
1562 4873 1609 4910 uon
1621 4859 1732 4918 insertur,
1750 4858 1794 4909 sed
1808 4872 1873 4909 uun·

272 4933 347 4981 xhll.
354 4958 384 4970 -
391 4928 577 4991 Elephantorum
587 4929 723 4980 indicorum
734 4928 814 4978 brevis
823 4928 929 4977 historie.
942 4926 1051 4978 Advene-
1124 4930 1204 4980 hatur.
1218 4929 1335 4979 Exsilium
1346 4929 1520 4978 abominantur.

305 5013 358 5049 rem
366 4998 582 5062 peculiarietetelu.
1093 5002 1136 5051 Vl.
1149 5028 1179 5040 -
1190 5001 1247 5061 Regi
1263 4998 1398 5049 sacerdotes
1414 4998 1553 5061 AEthiepuns
1571 4998 1646 5047 misse
1664 4995 1750 5045 nnuho
1767 4999 1872 5046 cuonem

274 5071 544 5133 xu111.-scytnarum
552 5071 831 5121 historiaPrlmaeorum
837 5069 940 5121 sedeam
949 5073 1051 5118 Arasem
1124 5070 1249 5132 imperant.
1262 5071 1403 5132 Emameues
1421 5068 1514 5131 primus
1527 5067 1588 5118 hauc
1600 5067 1743 5130 polentam
1756 5075 1873 5127 amena·

306 5142 432 5204 mesiam
450 5140 502 5191 luit
517 5143 592 5204 begea
607 5141 756 5200 meditere,
770 5140 905 5203 praesertim
921 5138 1008 5201 scytha
1021 5138 1052 5188 ab
1126 5145 1173 5190 tus.

1395 3876 1578 3900 w
