4026 5904
664 362 863 437 RELIQUIAE
884 359 989 422 LIBRI
1008 358 1147 430 xxxvi,
1168 365 1199 431 4,
1214 366 1243 418 b.
1699 363 1755 417 ibt

166 509 320 593 θρασύτερον
334 507 434 588 είχοντο
445 508 495 565 τῶν
510 503 602 584 ίργων,
616 503 662 562 καὶ
673 502 767 570 πάντες
777 506 829 562 τῶν
840 500 939 562 δούλων
983 508 1105 571 proposito
1117 506 1271 569 insistebant,
1290 506 1315 556 et
1329 504 1378 568 iam
1398 504 1502 555 maxima
1519 514 1643 555 serrorum
1662 517 1718 568 pars
1729 504 1760 555 ad

166 596 363 677 ἐμετεωρίζοντο
373 594 436 674 πρὸς
451 592 606 652 ἀπόστασιν.
648 592 680 668 (ε)
696 591 751 652 Καί
764 593 869 649 πολλῶν
881 587 940 647 καθ’
984 594 1139 645 deiectionem
1157 593 1255 643 incitata
1274 596 1334 641 erat.
1368 592 1402 654 (i)
1421 596 1550 654 Quumque
1569 592 1593 640 in
1611 591 1662 641 dier
1680 591 1761 654 piures

169 681 467 763 ήμέρανάρισταμένων,
477 678 602 755 σύντομον
614 676 658 735 καὶ
669 674 813 757 παράδοξον
823 673 940 751 ἐλάμύα·
985 680 1124 740 deficerent,
1139 678 1205 729 brevi
1217 690 1344 738 numerus,
1354 689 1426 739 supra
1440 690 1512 740 ηοιοι
1530 677 1664 740 suspicatus
1676 677 1762 740 abacis

169 787 209 828 νον
229 767 346 838 αὔξησιν,
361 771 397 834 ὡς
411 769 437 825 ἐν
455 765 552 843 ὀλίγαις
575 760 686 843 ήμίραις
707 761 810 827 πλείους
824 758 943 839 γενέσθαι
985 767 1082 826 tuisset,
1096 766 1214 825 excrevit,
1229 764 1289 814 adeo
1304 765 1332 814 ut
1349 764 1411 813 inira
1430 777 1520 827 paucos
1536 764 1588 814 dies
1603 777 1646 814 sex
1657 764 1763 815 miilibna

167 859 219 915 τῶν
233 853 420 933 ἑξακισχιλίων.
460 849 529 912 Ὅτε
541 849 573 921 δή
591 849 636 908 καί
650 851 685 916 είς
699 847 838 920 ἐκκλησίαν
851 847 943 906 συνελ-
988 853 1067 917 piures
1078 853 1263 902 recenserentur.
1272 854 1326 909 Quo
1340 855 1447 914 tempore
1457 851 1671 911 atiam,oommuni
1682 851 1763 902 babito

169 940 254 1007 θόντες
280 939 325 999 καί
351 942 445 1019 βουλῆς
465 934 632 1017 προτεθείσης
644 939 747 1015 πρῶτον
769 933 816 1010 μὲν
841 931 943 991 είλαντο
987 942 1106 989 conventu
1124 942 1148 987 et
1157 937 1327 987 deliberatione
1338 936 1457 986 derorum
1468 937 1672 987 administratione
1681 950 1765 999 propo·

171 1026 283 1107 βασιλέα
310 1026 353 1084 τδν
373 1023 561 1102 ὀνομαζόμενον
589 1020 726 1093 Σαλούιον,
751 1022 874 1080 δοκοῦντα
898 1022 945 1089 τῆς
988 1026 1047 1084 sita,
1067 1026 1145 1087 primo
1170 1037 1250 1086 regem
1280 1024 1326 1073 sibi
1350 1023 1488 1085 delegerunt
1511 1024 1617 1074 salvium
1645 1024 1766 1088 quendam

170 1113 333 1196 ἱεροσκοπίας
351 1112 472 1192 ἔμπειρον
487 1102 554 1169 εἶναι
573 1109 618 1167 καὶ
636 1116 693 1175 ταῖς
706 1107 864 1187 γυναικείαις
877 1104 946 1170 θίαις
988 1113 1097 1171 nomine,
1110 1110 1152 1174 qui
1169 1109 1327 1171 haruspicinae
1341 1123 1428 1172 gnerus
1444 1110 1583 1171 babebatur,
1595 1113 1621 1161 et
1639 1111 1665 1160 in
1682 1111 1766 1162 mulie·

172 1204 378 1278 αθλομανυθντα.
428 1191 512 1264 Οθτος
538 1194 693 1277 βασιλεύσας
720 1193 768 1261 τάς
795 1192 841 1271 μὲν
859 1191 947 1256 πολεις
989 1210 1042 1256 rum
1053 1197 1195 1259 spectaculis
1203 1209 1232 1245 ac
1241 1196 1334 1259 pompis
1343 1196 1408 1246 tibiis
1418 1197 1449 1247 ad
1458 1199 1575 1248 insaniam
1592 1213 1670 1263 usque
1681 1199 1765 1249 modu·

173 1287 264 1369 ἀργίας
277 1285 323 1344 καὶ
336 1290 431 1367 τρυρῆς
442 1284 551 1362 νομίζων
564 1282 698 1354 ἐξέκλινεν,
712 1284 747 1348 είς
760 1281 819 1361 τρία
834 1278 860 1338 δέ
873 1277 947 1358 μερί·
990 1284 1093 1333 iubetur.
1125 1284 1171 1333 iiic
1186 1283 1510 1347 regnumedeptoamrbes,
1528 1291 1556 1336 ut
1572 1286 1767 1339 inertiaectdeii·

173 1397 221 1443 σας
234 1375 291 1442 τοθς
302 1373 451 1438 ἀποστάτας
461 1372 508 1430 καὶ
525 1370 595 1437 ίοους
607 1367 738 1446 ἡγεμόνας
752 1364 948 1446 ἐγκαταστήσας
990 1371 1081 1420 ciarum
1097 1369 1214 1430 tomenta,
1232 1370 1366 1420 declinavit
1396 1373 1425 1420 ln
1439 1373 1489 1421 tres
1504 1377 1583 1422 autem
1597 1377 1675 1436 pertas
1688 1374 1768 1427 diviso

173 1470 230 1528 ταῖς
242 1460 337 1541 μερίσι,
347 1457 499 1539 προςέταξεν
511 1455 610 1515 ἐπιέναι
621 1454 668 1524 τήν
676 1454 766 1535 χώραν
778 1452 822 1512 καί
833 1451 896 1533 πρδς
904 1449 949 1508 ἕνα
991 1456 1114 1507 rebellium
1137 1457 1244 1519 agmine,
1265 1470 1294 1506 ac
1315 1456 1416 1507 totidem
1437 1459 1567 1522 unicuique
1584 1462 1644 1523 parti
1665 1463 1768 1515 ducibus

173 1547 253 1608 τόπον
271 1547 317 1606 καί
335 1545 424 1625 καιρδν
441 1543 559 1609 ἅπαντας
574 1546 701 1601 ἀπαντᾶν.
740 1540 771 1617 (ο)
785 1537 832 1598 nd
845 1538 948 1595 πολλῶν
992 1544 1139 1606 praepositis,
1155 1543 1274 1604 regionem
1294 1544 1427 1605 incursare,
1445 1559 1542 1609 unoque
1560 1547 1612 1597 ioco
1629 1553 1769 1614 eitcmporo

174 1637 261 1706 ἐκτῆς
283 1633 425 1699 ἐπελασίας
442 1631 529 1690 άλλυιν
543 1653 572 1688 τι
586 1628 658 1713 ζῴων
673 1626 719 1686 καί
731 1625 820 1684 ἵππων
836 1621 950 1702 εθπορή·
993 1631 1117 1679 uniuersos
1132 1628 1227 1678 modam
1239 1632 1364 1680 convenire
1372 1631 1459 1682 iterum
1468 1632 1548 1694 jussit
1579 1635 1613 1696 (5)
1625 1637 1769 1698 Erpopnie·

174 1743 278 1793 σαντες,
288 1722 315 1778 ἐν
328 1717 408 1798 ὀλίγῳ
428 1716 514 1797 χρόνῳ
527 1714 771 1784 κατεσκευάσθησαν
794 1714 881 1775 ἱππεῖς
903 1706 951 1784 μέν
994 1717 1058 1766 tione
1071 1716 1117 1765 iste
1128 1729 1296 1780 megnaquum
1313 1716 1413 1768 eiiorum
1432 1719 1633 1770 animaliumtum
1654 1735 1769 1785 equorum

174 1806 278 1873 πλείους
298 1808 350 1862 τῶν
376 1803 518 1882 διςχιλίων,
542 1803 615 1871 πεζοί
638 1799 666 1859 δέ
691 1798 738 1858 οθκ
759 1797 880 1862 ἐλάττους
900 1798 951 1852 τῶν
995 1803 1063 1865 copie
1074 1802 1157 1864 ditati,
1178 1804 1265 1864 exiguo
1279 1805 1395 1867 temporis
1406 1805 1529 1855 intervallo
1544 1820 1616 1870 cupre
1631 1809 1679 1857 duo
1696 1810 1771 1859 miiiia

175 1891 324 1971 διςμυρίων,
337 1890 388 1962 ήδη
412 1889 458 1947 καὶ
481 1911 550 1967 γυμν
569 1887 636 1953 σίαις
649 1885 803 1961 πολεμικαῖς
816 1879 953 1961 ἐνδιαπρί·
995 1888 1118 1951 equitum,
1128 1902 1172 1939 uec
1183 1889 1332 1952 intraniginti
1343 1892 1417 1941 miliia
1429 1891 1536 1955 peditum
1544 1895 1776 1961 sibicompsramut,

176 2001 278 2044 παντες.
319 1974 512 2057 Προςπεσόντες
534 1998 577 2033 ουν
599 1974 671 2054 άρνω
695 1970 770 2029 πόλει
783 1971 954 2049 ὀχυρᾷΜορ-
996 1975 1128 2038 etquidem
1137 1976 1773 2044 eorum,quibeiiicisaetirociniiapmbaranossent.

177 2064 295 2143 γαντίνη,
307 2061 449 2139 προςύολάς
459 2062 568 2141 ἐνεργεῖς
577 2059 623 2118 καὶ
637 2062 753 2137 συνεχεῖς
766 2061 908 2116 ἐποιοῦντο.
923 2055 952 2130 (ο)
997 2065 1082 2125 biaguo
1090 2064 1161 2126 igitur
1175 2064 1265 2126 impetu
1273 2066 1443 2127 Morgantinam
1453 2067 1538 2117 orbem
1549 2070 1665 2119 munitam
1676 2074 1773 2133 repente

178 2151 213 2212 ‘0
229 2150 256 2210 δὲ
270 2148 413 2230 στρατηγὸς
426 2151 461 2215 ῶς
476 2147 612 2226 βοηθήσων
625 2170 659 2224 τη
678 2144 753 2203 πόλει
773 2142 897 2214 ἐπελθών,
910 2164 955 2198 νυ·
998 2149 1213 2210 adorti,vaiidiaet
1226 2152 1345 2201 continuis
1356 2165 1409 2202 eam
1418 2154 1616 2217 impressionibus
1626 2163 1773 2220 oppugnant.

181 2235 305 2316 κτοπορίρ
319 2234 500 2315 χρησάμενος,
512 2233 580 2312 ἔχων
594 2235 650 2310 μεθ’
664 2235 756 2290 ἑαυτοῦ
768 2228 917 2294 Ἰταλιώτας
927 2248 956 2284 τε
1000 2236 1034 2299 (a)
1049 2239 1139 2288 Pretor
1152 2240 1246 2299 autem,
1261 2240 1375 2300 unquam
1390 2240 1420 2289 ud
1436 2242 1570 2292 subsidium
1583 2245 1634 2294 urbi
1651 2245 1774 2296 terendum
1794 2248 1799 2257 “

183 2324 228 2385 καί
242 2326 272 2382 ἐκ
289 2322 411 2387 Σικελίας
424 2319 517 2400 οχεδθν
526 2318 686 2401 στρατιώτας
697 2317 816 2398 μυρίους,
827 2312 958 2375 κατέλαθε
999 2328 1115 2374 nocturno
1124 2324 1307 2375 itinereadeam
1314 2328 1471 2386 contendens.
1480 2329 1592 2392 (babebat
1602 2336 1683 2382 numm
1693 2346 1774 2384 secum

179 2410 238 2477 τοθς
253 2407 401 2473 ἀποστάτας
428 2406 635 2486 ἀσχολουμένους
653 2403 713 2485 περί
730 2405 778 2476 τήν
798 2400 957 2482 πολιορκίαν,
1000 2412 1588 2468 armatorumeritaliaetsiciiiacireiicrdecem
1600 2419 1698 2481 mettim)
1712 2420 1775 2470 deie-

181 2499 226 2559 καί
239 2497 390 2574 ἐπιθέμενος
407 2498 492 2554 αὐτῶν
505 2500 537 2575 τῇ
551 2495 721 2577 παρεμύολῇ,
741 2492 787 2552 καί
807 2491 886 2573 εύρών
906 2490 959 2548 όλί·
1001 2499 1106 2549 ctoribua
1116 2499 1141 2548 in
1149 2503 1324 2563 oppugnatione
1333 2506 1455 2567 occupatis
1465 2506 1620 2568 supervenit:
1632 2512 1657 2556 et
1666 2507 1777 2570 irruptio·

183 2608 243 2663 γους
251 2583 298 2661 μέν
308 2582 367 2649 τοὺς
373 2582 561 2661 φυλάττοντας,
572 2585 671 2653 πλῆθος
682 2580 709 2639 δέ
723 2583 852 2658 γυναικῶν
864 2581 960 2658 αἰχμα·
1002 2598 1032 2636 ue
1042 2585 1067 2636 in
1076 2588 1155 2636 eastra
1167 2587 1272 2650 ipsorum
1283 2590 1356 2651 tacta,
1369 2605 1444 2653 quum
1456 2593 1564 2653 exiguam
1577 2593 1777 2655 praeaidiariornm

182 2671 273 2730 λώτων
290 2670 335 2729 καὶ
358 2670 430 2737 λείας
452 2669 534 2740 άλλης
552 2671 749 2739 παντοδαποῶς,
765 2666 858 2748 ῥαδίως
881 2664 960 2733 ἐξεῖλε
1002 2685 1101 2722 manum
1124 2687 1285 2737 magnumque
1299 2677 1447 2739 captivarum
1464 2691 1592 2727 numerum
1612 2680 1638 2729 et
1657 2681 1777 2742 copiosam

184 2757 233 2830 τήν
247 2756 459 2838 στρατοπεδείαν.
503 2755 557 2817 Καὶ
577 2755 675 2827 ταύτην
692 2754 738 2830 μὲν
753 2753 903 2833 διήρπασεν,
918 2753 961 2809 ἐπί
1003 2759 1081 2808 omnis
1096 2762 1186 2821 generis
1205 2762 1308 2823 prmdem
1322 2764 1461 2825 reperisset,
1474 2777 1522 2813 uon
1536 2777 1621 2826 magno
1635 2766 1675 2815 iiio
1685 2767 1779 2829 negotio

185 2834 550 2922 δὲτὴνΜοργαντίνηνήγεν.
592 2842 625 2916 (τ)
641 2843 676 2899 Oi
691 2840 714 2897 δ’
732 2838 879 2896 ἀποστάται
891 2836 962 2905 ἐξαί-
1003 2847 1196 2906 expugnavisset
1212 2851 1267 2909 post
1282 2847 1438 2911 direptionem
1452 2850 1623 2911 Murgentinum
1639 2854 1778 2902 versusdu·

186 2953 251 3012 ρνης
262 2926 521 3003 ἀντιπιθέμενοι,καὶ
532 2925 679 3004 ὑπερδέξιον
693 2925 740 2996 τήν
750 2925 840 2984 στάσιν
850 2923 962 3003 ἔχοντες,
1004 2932 1049 2980 xit.
1081 2932 1115 2992 (7)
1129 2935 1160 2982 et
1176 2932 1320 2994 defectores,
1338 2937 1434 2997 repente
1452 2935 1553 2985 iniiium
1573 2941 1636 2986 retro
1656 2940 1780 3001 conversi,

188 3015 278 3098 βιαίως
288 3037 317 3072 τε
329 3012 525 3093 ἐπιρράξαντες,
540 3010 612 3078 εθθθς
623 3009 666 3068 ἐπί
680 3010 874 3091 προτερήματος
886 3003 964 3082 ἦσαν·
1005 3016 1070 3079 quod
1087 3019 1112 3067 et
1129 3019 1249 3081 superiore
1267 3021 1319 3069 ioco
1332 3020 1455 3070 constituti
1474 3026 1567 3083 essent,
1579 3026 1604 3071 et
1613 3023 1728 3074 rioienter
1740 3025 1781 3075 bo·

187 3106 212 3162 οί
223 3101 250 3160 δέ
265 3106 309 3159 τοῦ
324 3104 470 3180 στρατηγοῦ
483 3097 633 3178 ἐτράπησαν
648 3096 712 3176 πρὸς
732 3096 825 3178 ρυγήν.
865 3099 921 3156 Τοῦ
935 3097 963 3154 δέ
1007 3105 1067 3153 atem
1079 3103 1232 3165 invaderent,
1250 3105 1331 3155 atatim
1351 3106 1479 3168 pmpitium
1491 3108 1645 3169 experiuntur
1660 3113 1780 3160 Martem:

190 3186 317 3269 βασιλίως
327 3190 378 3245 τῶν
393 3188 549 3243 ἀποστατῶν
560 3183 683 3263 κήρυγμα
696 3182 874 3259 ποιησαμίνου
884 3181 964 3260 μηδέ·
1007 3189 1107 3239 Romani
1124 3192 1204 3240 autem
1222 3190 1290 3241 ducta
1305 3192 1381 3253 copia
1397 3193 1497 3254 iugera
1519 3194 1626 3244 tradunt.
1658 3199 1720 3246 Τοοι
1738 3211 1779 3248 rer

189 3299 221 3335 να
229 3274 335 3333 κτείνειν
345 3275 396 3330 τῶν
405 3269 685 3349 τάύπλαριπτούντων,
694 3272 840 3330 οἱπλεῖστοι
851 3273 965 3350 ῥιπτοῶν-
1008 3275 1153 3326 deiectorum
1170 3276 1250 3326 edicto
1261 3278 1401 3341 proclamari
1415 3279 1497 3342 jubet,
1508 3286 1537 3329 ut
1547 3294 1618 3330 nemo
1636 3284 1782 3346 armapmji·

189 3385 231 3428 τες
245 3360 360 3440 ἐρευγον.
401 3357 455 3417 Καὶ
468 3357 551 3436 τούτῳ
564 3359 602 3435 τῷ
615 3354 703 3435 τρόπῳ
716 3356 966 3435 καταστρατηγήσας
1008 3362 1121 3411 cientium
1138 3362 1266 3412 occidatur.
1298 3364 1375 3426 Maior
1396 3364 1477 3427 itaque
1493 3379 1562 3428 pars,
1580 3366 1678 3428 abiectis
1695 3371 1783 3430 armis,

192 3446 251 3513 τοὺς
263 3444 403 3522 πολεμίους
416 3448 430 3502 θ
441 3443 568 3509 Σαλούιος
579 3442 627 3513 τήν
638 3465 666 3499 τε
678 3440 849 3522 παρεμθολήν
860 3442 968 3513 ἀνεκτή·
1009 3450 1064 3511 tuga
1073 3449 1118 3498 sibi
1129 3450 1255 3500 consuluit.
1263 3453 1315 3501 iioc
1325 3452 1397 3513 igitur
1407 3457 1571 3514 strategemate
1582 3455 1692 3506 bostibus
1705 3457 1784 3520 victis,

191 3554 256 3591 σατο
276 3529 323 3588 καί
343 3528 498 3609 περιόόητον
524 3529 598 3601 νίκην
620 3527 842 3605 ἀπενεγκάμενος,
863 3531 966 3589 πολλῶν
1009 3538 1789 3604 setriuseteastraauarecuperarit,etvictoriamadeptusnobi·

192 3620 278 3677 θπλων
291 3615 445 3697 ἐκυρίευσεν.
488 3617 518 3692 (ε)
537 3614 676 3674 Ἀπέθανον
690 3613 717 3672 δὲ
731 3617 757 3673 ἐν
775 3619 808 3694 τῇ
827 3615 901 3694 μάχῃ
915 3619 967 3673 τῶν
1010 3625 1071 3685 iem,
1087 3637 1171 3687 maprm
1188 3638 1308 3674 armorum
1329 3626 1354 3674 vi
1374 3626 1465 3688 potitus
1486 3629 1523 3677 est
1541 3643 1548 3675 z
1567 3629 1601 3691 (a)
1622 3629 1787 3679 occubuemut

192 3705 351 3765 Ἰταλιωτῶν
362 3726 390 3761 τε
401 3701 446 3761 καὶ
459 3703 576 3762 Σικελῶν
590 3705 619 3760 οὗ
642 3700 746 3766 πλείους
766 3700 905 3769 ἑξακοσίων
924 3700 967 3759 dd
1011 3716 1091 3761 autem
1102 3712 1126 3761 in
1135 3711 1244 3761 condictu
1258 3711 1288 3762 dc
1298 3712 1387 3762 Italicis
1402 3718 1426 3763 et
1436 3713 1522 3763 Sicuiia
1537 3727 1585 3763 non
1597 3714 1677 3776 piures
1689 3728 1787 3766 sexcen-

193 3794 240 3865 τήν
261 3797 306 3851 τοῦ
322 3791 488 3871 κηρύγματος
508 3788 711 3870 ριλανθρωπίαν,
732 3789 850 3850 ἑάλωσαν
864 3789 892 3847 δέ
908 3788 969 3869 περὶ
1013 3799 1128 3863 tis‚quod
1138 3799 1210 3849 edicti
1219 3799 1283 3849 iilius
1293 3800 1587 3863 ctementiaeiiecit‚mpii
1595 3814 1652 3851 vero
1661 3804 1787 3852 suntcirca

195 3877 424 3958 τιτρακιςχιλίους.
465 3875 499 3936 Ὁ
512 3875 539 3934 δέ
552 3875 690 3947 Σαλούιος,
700 3877 804 3933 πολλῶν
816 3874 878 3955 πρδς
892 3876 969 3934 αύτδν
1012 3888 1124 3944 quattuor
1132 3887 1215 3936 miliia.
1233 3887 1429 3948 Satriusesinde
1440 3901 1516 3949 quum
1523 3888 1592 3937 multi
1603 3890 1656 3951 post
1665 3888 1787 3940 buncteii-

196 3965 311 4024 ἀπὸτοῦ
333 3962 533 4044 κατορθώματος
550 3962 718 4043 συρρεόντων,
734 3960 907 4029 διπλασιάσας
923 3962 970 4032 τήν
1013 3987 1064 4023 cem
1072 3986 1209 4023 successum
1218 3973 1310 4023 adeum
1319 3974 1474 4034 continerent,
1485 3974 1606 4037 duplicato
1615 3976 1731 4035 exercitu,
1737 3974 1786 4036 jam

195 4052 263 4111 ἰδίαν
277 4049 394 4127 δύναμιν,
409 4048 512 4130 ἐκράτει
525 4051 576 4106 τῶν
595 4047 736 4127 ὑπαίθρων,
759 4047 804 4106 καί
825 4050 971 4128 πολιορκεῖν
1013 4062 1121 4123 apertum
1142 4061 1166 4109 in
1188 4061 1305 4123 potestate
1324 4073 1435 4122 campum
1456 4060 1567 4109 babebat.
1600 4060 1656 4109 ideo
1669 4073 1752 4109 rursus
1763 4061 1788 4109 in

195 4136 275 4195 πίδῑν
292 4134 421 4215 ἕπῑχῑῖρῑῑ
439 4133 486 4204 nir
505 4133 695 4212 Μοργανῖῗθαν,
712 4132 834 4211 κήρυγμα
848 4131 907 4198 δῦθι
920 4135 972 4200 τοῖς
1014 4145 1451 4207 morgoouoeobsidionemmenbuit,
1462 4150 1488 4194 et
1498 4146 1576 4195 serris
1586 4145 1645 4194 inea
1656 4145 1789 4195 libertatem

197 4227 224 4282 ἐν
236 4226 302 4302 αὐτῇ
317 4221 416 4286 δούλοις
429 4218 477 4290 τήν
490 4217 644 4298 ἐλευθερίαν.
685 4220 747 4277 Τῶν
761 4217 788 4275 δέ
797 4217 891 4296 κυρίων
906 4216 974 4276 ἀντι-
1015 4245 1042 4281 se
1057 4232 1200 4280 donaturum
1218 4230 1382 4293 proclamavit.
1424 4230 1557 4294 quuum
1577 4231 1668 4280 domini
1688 4232 1788 4280 eandem

197 4308 383 4389 προτεινόντων
398 4307 485 4371 αὐτοῖς
498 4304 608 4377 ταύτην,
620 4305 642 4361 εἰ
655 4302 729 4382 σφίσι
741 4302 973 4380 συναγωνίσαιντο,
1016 4322 1097 4367 contra
1115 4317 1162 4367 iilis
1172 4316 1330 4366 conditionem
1341 4321 1514 4379 proponerent,
1526 4318 1547 4367 αἱ
1566 4316 1628 4366 fidos
1645 4329 1672 4365 se
1682 4317 1787 4366 oertamp

200 4395 298 4455 εἵλοντο
320 4397 420 4469 μάλλον
442 4392 491 4463 τήν
519 4390 571 4449 ἀπὸ
587 4394 638 4448 τῶν
657 4389 762 4469 κυρίων,
776 4389 821 4448 καί
837 4390 975 4470 προθύμοις
1016 4417 1074 4453 num
1085 4403 1163 4453 socios
1174 4402 1346 4466 prebuissent,
1362 4415 1436 4464 quem
1451 4400 1542 4451 domini
1559 4402 1695 4451 obtulerant
1712 4402 1790 4465 potio·

201 4482 391 4560 ἀγωνισάμενοι
414 4478 589 4559 ἀπετρίψαντο
613 4475 660 4546 τήν
684 4473 846 4555 πολιορκίαν.
898 4475 930 4534 Ὁ
947 4474 975 4534 δέ
1018 4489 1232 4551 remjudicarunt:
1250 4489 1364 4550 tantaque
1377 4488 1511 4537 animomm
1527 4486 1697 4551 promtitudina
1712 4487 1791 4537 decm-

201 4568 343 4649 στρατηγός
365 4566 432 4645 μετδ
455 4571 539 4625 ταῦτα
569 4562 617 4635 τὴν
645 4562 791 4642 ἐλευθερίαν
817 4562 976 4644 ἀνατρέψας,
1018 4581 1112 4636 καιτοι,
1125 4580 1152 4625 ut
1169 4574 1317 4625 obsidionem
1336 4574 1496 4637 dapuiaaraut.
1529 4574 1574 4626 Sed
1589 4578 1791 4637 praetommaanm

203 4655 382 4728 αὐτομολῆσαι
394 4652 454 4720 τοθς
465 4650 600 4718 πλείστους
608 4650 787 4731 παρεσκεύασε
801 4650 977 4715 τοῒςάποστά-
1019 4662 1065 4711 boc
1073 4661 1188 4711 iibertatia
1200 4660 1341 4722 promiscum
1358 4673 1433 4722 quum
1444 4659 1531 4711 deinde
1549 4660 1657 4721 iecisset,
1672 4660 1793 4724 plerisque

203 4762 269 4804 ταις.
1019 4749 1050 4799 ad
1060 4748 1190 4798 defectores
1199 4746 1366 4808 nemmgimdi
1378 4759 1473 4796 musam
1485 4746 1594 4807 praebuit„

242 4826 279 4885 V.
302 4823 368 4902 Περί
383 4823 410 4882 δὲ
426 4823 473 4896 τήν
494 4822 655 4901 Αίγεσταίων
672 4822 716 4881 καί
736 4821 902 4882 Λιλυθαῑτῶν
921 4820 978 4903 χώ-
1050 4839 1081 4887 v.
1101 4837 1129 4884 in
1149 4837 1330 4895 AEgeatanomm
1349 4835 1374 4883 et
1393 4832 1574 4895 Iiiyboeernaium
1595 4832 1794 4896 dnitimommqua

206 4935 262 4993 ραν,
274 4909 312 4968 ἐτι
325 4908 352 4968 δί
366 4913 416 4967 τῶν
431 4910 517 4969 άλλων
534 4915 585 4969 τῶν
602 4907 803 4990 πλησιοχώρων,
816 4908 898 4968 ἐνόσει
915 4908 979 4989 πρδς

205 4997 349 5056 ἀπόστασιν
360 4994 394 5051 ri
409 4994 495 5069 πλήθη
506 5000 557 5055 τῶν
571 4998 687 5057 οἰκετῶν.
730 4994 832 5056 Γίνεται
844 4995 872 5054 δέ
882 4994 979 5055 τούτων

208 5082 322 5165 &stetit
335 5081 456 5156 Ἀθηνίων
470 5082 570 5163 ὄνομα,
582 5083 647 5165 ἀνὴρ
663 5085 768 5167 ἀνδρεία
782 5083 920 5167 διαφέρειν,
935 5084 980 5145 Κί·
1023 5095 1131 5151 Quorum
1142 5089 1696 5155 princepsetductorttbenioquidammtitit,
1706 5088 1742 5138 vir
1752 5088 1795 5138 too

1021 4962 1143 5014 territoriis
1154 4961 1249 5012 turbam
1259 4974 1383 5012 servornm
1393 4961 1501 5024 contagio
1510 4961 1649 5012 ducemus
1666 4961 1792 5012 invaserat.
