3782 5900
239 386 307 461 ιον·
669 395 861 455 nicanum
881 394 959 455 τοι
978 394 1213 456 nausiator
1233 395 1331 455 stan.
1353 397 1407 472 ις.
1690 402 1829 479 pam.)
1878 422 1879 503 γ

122 542 125 551 ’
235 543 320 602 αύτῖύν
334 541 500 598 κατακαῦσαι
515 534 560 593 καὶ
575 533 898 604 τοδςίππουςάποδόσθαι.
938 534 1013 595 itea-
1059 542 1372 607 rotnburerentthuorum
1381 543 1752 608 dmiquelaoercniauciionem
1784 552 1837 599 Post
1878 532 1879 557 ί

233 628 332 695 λούθως
343 626 371 686 δδ
382 623 481 691 τούτοις
493 620 612 691 διέταξαν
625 626 649 682 οί
660 621 886 704 Ἀμρικτύονεςτδ
897 620 1013 704 περλτλν
1067 629 1132 688 baec,
1154 642 1209 692 quae
1227 629 1259 679 ad
1278 631 1427 681 instaurandi
1444 633 1533 682 omenti
1550 646 1632 683 cruram
1645 635 1836 698 μετθτιετεαιςτι

235 715 387 794 ίπιμέλιιαν
400 717 445 771 τοῦ
470 709 591 789 μαντείου
616 709 662 769 καί
680 711 764 770 τᾶλλα
786 710 873 769 πάντα
895 708 929 768 τδ
951 707 1015 788 πρδς
1059 719 1137 764 celera
1149 716 1245 778 omnia,
1259 731 1315 779 quie
1331 717 1362 767 ad
1380 718 1518 781 religionem
1537 724 1564 770 et
1581 734 1666 784 pacem
1685 735 1835 775 commanus

236 802 371 862 εύσίύειαν
384 800 430 860 καί
443 796 533 870 κοινὴν
547 795 651 877 εἰρήνην
664 798 710 856 καὶ
719 796 840 875 ὁμόνοιαν
853 801 905 865 τοῖς
917 795 1014 868 Ἕλλη·
1057 806 1129 863 atque
1138 803 1289 853 concordiam
1306 804 1368 854 inter
1379 809 1478 856 Graecos
1493 807 1771 868 laocrent,ordinsrunl.
1803 808 1835 872 (ll

209 912 277 950 υσιν
294 888 433 960 ἀνήκοντα.
477 890 508 964 (a)
526 886 603 946 Μετδι
617 884 645 944 di
664 892 749 944 ταῦτα
763 884 898 951 Φίλιππος
913 882 960 962 μέν
980 881 1014 942 τδι
1058 889 1165 938 Decretis
1175 891 1374 954 Amphictyonum
1384 894 1834 960 conflrmatls,Pbilippus,bnmaniier

235 978 377 1058 δεδογμένα
388 977 441 1043 τοῖς
452 972 624 1054 Ἀμρικτύοσί
634 974 852 1053 συγκαταστήσας
861 972 905 1032 καί
915 971 1015 1037 πάντας
1057 988 1141 1024 omncs
1149 976 1302 1039 complexus,
1314 977 1339 1026 ln
1352 978 1514 1028 stramoniam
1525 983 1657 1030 cauatam
1669 983 1780 1045 rodam,
1793 997 1835 1034 aec

235 1062 430 1147 ριλορρονηθεὶς
442 1064 587 1132 ἐπανῆλθεν
600 1064 636 1128 εἰς
649 1059 697 1131 τὴν
712 1060 887 1133 Μακεδονίαν,
898 1063 927 1118 οὐ
938 1059 1014 1136 μόνον
1058 1062 1153 1126 pietalis
1172 1063 1325 1113 solummodo
1342 1070 1367 1115 ct
1386 1067 1546 1129 imperatoriae
1564 1068 1661 1118 virtutis
1677 1071 1776 1132 glum
1793 1072 1834 1120 ribi

236 1152 311 1222 δοἜαν
326 1150 458 1218 εθσεόείας
469 1150 514 1209 καί
526 1152 619 1229 ἀρετῆς
630 1153 805 1228 στρατηγικῆς
813 1145 1015 1226 περιπεποιημέ·
1058 1151 1271 1212 compararim}
1285 1151 1314 1198 ad
1332 1151 1437 1201 tutnrsm
1454 1165 1550 1216 qunque
1562 1153 1655 1216 imperii
1673 1155 1834 1217 amplificatio·

235 1263 290 1310 νος,
314 1237 383 1297 άλλδ
396 1239 442 1296 καί
454 1237 519 1319 πρδς
531 1236 578 1307 τὴν
594 1236 741 1313 μέλλουσαν
761 1239 833 1317 αὐτῷ
851 1234 958 1305 αὔξησιν
972 1256 1014 1311 γε·
1058 1249 1113 1286 ltem
1124 1238 1443 1300 magnosptogtcssusieclt.
1468 1240 1835 1304 (iliamdndnmenirncupide

199 1345 223 1385 tu
237 1324 324 1384 νέσθαι
339 1324 441 1403 μεγάλα
461 1321 785 1403 προκατασκευασάμενος,
828 1325 858 1399 (ο)
874 1318 1015 1397 Ἐπεθύμει
1058 1322 1186 1385 expetebat
1204 1328 1232 1374 itt
1250 1329 1511 1377 sumnuscrecorum
1525 1328 1655 1390 imperator
1665 1328 1835 1393 designaretur,

236 1412 285 1492 γάρ
300 1417 345 1484 τῆς
354 1412 483 1477 Ἑλλάδος
492 1412 678 1488 ἀποδειχθῆναι
690 1408 835 1490 στρατηγδς
847 1406 1015 1487 αὐτοκράτωρ
1059 1408 1196 1472 bellumque
1207 1410 1287 1461 Persis
1295 1411 1392 1462 interret
1406 1427 1413 1462 ε
1427 1414 1452 1463 id
1463 1413 1528 1477 quod
1541 1415 1614 1465 etiam
1626 1416 1715 1465 mersit
1747 1420 1833 1465 vanni

235 1501 281 1559 καί
290 1500 333 1558 τὸν
348 1498 411 1579 πρδς
422 1496 526 1577 Πέρσας
540 1496 678 1575 ἐξενεγκεῖν
691 1498 819 1574 πολεμον·
832 1494 947 1575 δπερκαί
955 1517 1016 1552 ουν-
1059 1496 1111 1545 haec
1119 1509 1224 1558 congruo
1234 1497 1347 1561 deinceps
1356 1503 1462 1564 tempore
1474 1501 1610 1564 singulatim
1620 1502 1761 1552 meremus.
1772 1507 1835 1553 lianc

236 1586 284 1658 ε’ὅη
302 1584 428 1665 γενέσθαι.
470 1584 550 1645 ’atil
563 1584 623 1664 περί
637 1583 684 1660 μὲν
698 1582 795 1642 τούτων
810 1582 843 1641 τά
857 1580 925 1641 κατδι
940 1580 1016 1659 μέρος
1058 1588 1138 1631 aulem
1156 1584 1253 1633 veroed
1271 1599 1401 1637 muneram
1417 1588 1605 1651 macedoniam
1624 1589 1734 1640 latalaum
1755 1590 1833 1640 mem

236 1678 324 1741 ἕντοῖς
335 1675 436 1740 οἰκείοις
444 1674 544 1753 χρόνοις
557 1670 750 1752 ἀναγράψομεν,
764 1676 808 1729 νῦν
819 1669 841 1728 δ’
854 1669 897 1728 lati
912 1669 942 1728 τδ
953 1692 1015 1728 συν-
1059 1682 1102 1719 1¹⁰8
1117 1675 1294 1722 molestemus.

199 1781 223 1819 la
237 1760 294 1841 εχὲς
307 1766 354 1832 τῆς
367 1760 534 1840 ίστορίαςτρε
564 1758 646 1834 ‘pedm

279 1851 353 1908 LXI.
375 1847 482 1906 Δίκαιον
492 1847 513 1905 δ’
526 1868 592 1904 ειναι
603 1845 741 1921 νομίζομεν
751 1849 854 1926 πρῶτον
867 1843 1017 1925 ἀναγράψαι
1089 1850 1213 1900 LX1.Sed
1232 1852 1298 1914 prins
1320 1852 1391 1902 cilicii
1408 1853 1483 1902 nostri
1500 1866 1553 1904 esse
1568 1853 1682 1905 ducimus
1709 1857 1833 1906 rmdirtam

236 1934 283 2006 τὴν
299 1937 329 1993 ἐκ
341 1939 404 1993 θεῶν
419 1930 559 2010 γινομένην
572 1940 626 1999 τοῖς
635 1930 707 1998 εἶςτδ
722 1938 1025 2016 μαντεῖονπαρανενομη·
1059 1949 1258 1999 commemorare,
1286 1953 1335 2001 qua
1367 1941 1494 2002 sacrilegos
1522 1941 1611 1990 oraculi
1641 1942 1776 2005 direptores
1804 1944 1833 1992 di

236 2023 295 2081 κόσι
309 2021 427 2080 κολασιν.
469 2017 559 2085 Ὄλως
571 2018 749 2099 γδρούμόνον
763 2020 816 2084 τοῖς
827 2019 961 2085 αθθίνταις
969 2022 1016 2088 τῆς
1059 2026 1176 2086 prosecuti
1194 2029 1258 2074 suut.
1290 2028 1395 2076 cunctus
1408 2028 1471 2077 enim
1486 2028 1509 2077 ln
1527 2029 1681 2090 universum,
1701 2044 1750 2079 non
1767 2030 1833 2079 modo

237 2107 390 2187 ἱεροσυλίας,
401 2106 469 2165 άλλδ
476 2111 521 2164 καὶ
533 2109 658 2171 πᾶσιτοῖς
669 2103 877 2185 προςαψαμένοις
884 2102 962 2180 μόνον
969 2109 1016 2175 τῆς
1059 2112 1152 2172 eosqui
1168 2112 1285 2175 principes
1303 2114 1419 2173 sacrilegii
1430 2115 1586 2175 exstiterunt,
1602 2128 1688 2164 rernm
1703 2117 1833 2166 sslosetiam

197 2216 224 2254 aa
238 2194 402 2274 παρανομίας
425 2192 604 2271 ἀπαραίτητος
620 2194 650 2250 ἐκ
662 2197 706 2251 τοῦ
725 2191 857 2268 δαιμονίου
872 2192 1016 2262 έπηκολού-
1059 2198 1100 2259 qai
1110 2198 1175 2247 nolas
1188 2199 1234 2248 iroc
1245 2199 1322 2248 solnm
1339 2200 1451 2262 attigere,
1468 2214 1538 2262 piena
1553 2201 1729 2264 inexpiabilisa
1742 2205 1833 2253 numine

238 2287 300 2352 θησε
313 2280 436 2359 τιμωρία.
477 2281 512 2357 (a)
526 2278 559 2338 ‘0
574 2277 621 2355 μὲν
636 2277 686 2358 γδρ
700 2278 861 2357 ἀρχιτέκτων
871 2283 917 2349 τῆς
930 2302 1015 2337 κατα·
1059 2286 1142 2333 secuta
1152 2289 1197 2334 esl.
1230 2287 1264 2348 (l)
1274 2290 1334 2336 Narn
1344 2287 1435 2348 primus
1446 2288 1578 2351 occupandi
1593 2290 1677 2351 templi
1687 2291 1833 2351 quasiartbi·

237 2370 340 2449 λήψεως
361 2372 406 2425 τοῦ
429 2369 498 2445 ἱεροῦ
524 2364 679 2441 Φιλόμηλος
698 2366 767 2423 κατά
787 2389 844 2423 τινα
863 2366 1016 2446 περίστασιν
1059 2373 1500 2437 tectus‚Plrilomelus.casuquodam
1509 2375 1563 2424 beili
1576 2376 1732 2437 lnangnslias
1747 2378 1832 2427 mnda-

237 2452 383 2530 πολεμικλν
400 2450 490 2511 ἑαυτὸν
505 2451 720 2531 κατεκρήμνισεν.
762 2451 797 2513 Ὁ
811 2452 839 2510 δὲ
851 2452 959 2532 δδελρδς
972 2455 1016 2511 αύ-
1064 2471 1118 2517 ουε,
1131 2460 1277 2523 praecipitem
1289 2474 1316 2510 se
1328 2461 1423 2522 dejecit.
1436 2465 1517 2512 Frater
1533 2463 1585 2524 ejus
1597 2466 1776 2523 οοοσιοτοίιυε,
1785 2470 1833 2527 post

237 2547 283 2598 τοῦ
300 2540 464 2619 Ὀνόμαρχος
486 2537 667 2615 διαδεξάμενος
685 2537 800 2609 τὴντῶν
823 2539 1016 2610 ἀπονοηθέντων
1060 2548 1197 2607 susceptum
1209 2547 1317 2596 vecordis
1327 2561 1356 2596 ac
1364 2547 1481 2610 desperati
1496 2550 1616 2600 eacrmtns
1632 2551 1831 2613 imperium,curn

198 2648 224 2686 as
239 2626 409 2707 στρατηγίαν,
422 2624 489 2702 μετδι
500 2622 1016 2707 τῶνσυμπαραταξαμάνωνένΘετταλίρ
1060 2632 1221 2682 Pirocensibns
1243 2636 1268 2683 et
1285 2635 1450 2696 mercenariis,
1471 2637 1512 2698 qui
1531 2638 1670 2687 sliunicam
1682 2640 1735 2702 ipso
1757 2641 1779 2689 in
1789 2638 1832 2688 acis

238 2714 355 2774 Φωκέων
370 2714 415 2772 καί
430 2714 593 2793 μισθορόρων
608 2712 764 2778 κατακοπείς
782 2712 942 2792 ἐσταυρώθη.
985 2717 1015 2789 (a)
1060 2718 1289 2780 alabant,ooncisns
1308 2722 1331 2770 in
1352 2722 1476 2771 Thessalia
1491 2724 1604 2788 crucique
1620 2726 1708 2775 allisus
1725 2732 1772 2777 esi„
1802 2725 1832 2789 (3)

239 2800 273 2860 ‘0
288 2803 314 2860 δὲ
329 2802 414 2880 τρίτος
425 2801 470 2858 καὶ
485 2803 596 2859 πλεῖστα
608 2803 659 2857 τῶν
677 2800 852 2874 ἀναθημάτων
866 2799 1017 2880 κατακόψας
1060 2805 1168 2866 Tertius,
1193 2808 1234 2869 qui
1256 2808 1384 2857 maliciam
1403 2809 1554 2859 donariorum
1578 2814 1669 2874 perlem
1688 2814 1832 2872 comminuit,

241 2889 366 2954 Φάῦλλος
384 2887 546 2967 πολυχρονίῳ
566 2885 634 2967 νόσῳ
652 2887 764 2957 νοσήσας
784 2888 837 2944 οὐδ’
857 2888 1017 2959 ἀπολυθῆναι
1061 2892 1189 2955 Pbsyllus,
1205 2908 1260 2943 cnm
1278 2896 1392 2944 diuturno
1414 2897 1552 2947 mallenus
1575 2900 1672 2960 morbo,
1693 2915 1723 2951 ne
1742 2901 1832 2965 preciso

241 2975 374 3052 συντόμως
393 2980 439 3045 τῆς
459 2973 588 3051 τιμωρίας
614 2974 739 3046 ἠδυνήθη.
780 2972 814 3033 Ὁ
837 2974 859 3031 δ’
886 2975 929 3032 ἰπὶ
951 2984 1017 3033 πᾶσι
1060 2980 1179 3041 quideme
1193 2982 1309 3044 supplicio
1319 2983 1411 3031 liberari
1424 2986 1510 3045 potuit.
1544 2986 1769 3038 Ultimusomninm
1780 2989 1831 3037 Pbr-

200 3078 228 3119 α)
241 3064 378 3129 Φαλαυιος
393 3060 426 3120 τδι
446 3061 558 3142 λείψανα
583 3066 629 3130 τῆς
653 3060 798 3142 ἱεροσυλίας
826 3059 966 3119 άναλαόὼν
990 3064 1017 3120 ἐν
1060 3067 1321 3131 laecas,arreptissacri
1329 3071 1453 3132 peculatus
1463 3072 1584 3135 reliquiis,
1596 3075 1712 3125 inenore
1724 3080 1832 3138 metuque

239 3151 349 3217 πλάναις
362 3149 407 3209 καί
427 3150 550 3227 μεγάλοις
569 3149 655 3227 ρόύοις
669 3152 714 3207 καὶ
734 3147 858 3215 κινδύνοις
877 3150 915 3231 ἐρ’
930 3149 1017 3207 ίκανδν
1062 3154 1191 3213 ingenuei
1210 3156 1322 3218 periculis
1339 3156 1369 3205 ad
1386 3157 1446 3207 bene
1457 3158 1557 3219 longum
1574 3164 1671 3222 tempus
1689 3163 1764 3212 ritarn
1781 3163 1832 3223 egit,

239 3238 331 3317 χρόνον
348 3237 464 3307 έὸίωσεν,
483 3238 533 3314 οὐχ
558 3234 601 3293 ίνα
628 3235 822 3316 μακαριώτερος
842 3235 948 3314 γένηται
966 3240 1017 3294 τῶν
1062 3255 1211 3304 nequaquam
1226 3249 1252 3292 ul
1268 3244 1360 3293 beatior
1369 3245 1485 3295 scelerum
1501 3247 1652 3296 consortibus
1668 3249 1744 3308 toret,
1756 3249 1796 3298 sed
1810 3251 1833 3295 ul

243 3322 484 3393 συνασεύησάντων,
499 3322 557 3381 ἀλλ’
577 3320 619 3380 ίνα
635 3323 719 3380 πλείω
736 3321 828 3401 χρόνον
850 3323 1019 3403 στρεύλωθεὶς
1061 3328 1152 3377 diutius
1167 3331 1330 3390 exmuciatus,
1346 3336 1371 3381 et
1385 3331 1492 3382 adversis
1509 3333 1605 3383 casibus
1620 3334 1686 3396 apud
1707 3337 1832 3398 complures

240 3408 286 3467 καί
303 3411 407 3475 πολλοῖς
421 3407 463 3466 διδι
478 3407 524 3479 τὴν
540 3410 650 3487 ἀτυχίαν
663 3409 932 3489 γενόμενοςγνώριμος
945 3433 1019 3490 περι·
1061 3414 1224 3475 innotescens,
1243 3416 1403 3478 rumigerulum
1421 3418 1579 3469 calamitatem
1601 3420 1706 3470 liaberet
1747 3424 1780 3482 (t)
1796 3419 1833 3470 ilic

200 3517 226 3555 aa
241 3497 333 3566 όόητον
348 3494 397 3574 ἔχη
412 3494 613 3575 τὴνσυμροράν.
656 3488 781 3571 ίε)ούτος
794 3495 975 3576 γάρμετδτὴν
990 3500 1019 3556 ia
1062 3501 1124 3549 enirn
1136 3507 1190 3564 pust
1204 3503 1297 3564 lugam,
1310 3516 1358 3566 qua
1373 3504 1536 3567 captivitatem
1547 3507 1636 3565 erasit,
1649 3520 1704 3556 cum
1720 3518 1832 3558 meram·

240 3586 287 3652 τῆς
301 3582 484 3660 αἰχμαλωσίας
497 3581 581 3657 φυγὴν
598 3579 664 3658 μετδι
685 3585 737 3639 τῶν
752 3581 913 3662 μισθοφόρων
927 3582 957 3641 τδ
971 3583 1018 3660 μὲν
1063 3588 1104 3636 riis
1116 3588 1183 3636 initio
1194 3589 1256 3637 σίτου
1267 3589 1456 3652 Peloponnesum
1471 3605 1635 3653 commorans,
1651 3592 1681 3642 de
1694 3594 1757 3642 sacri
1769 3604 1832 3656 pecn-

241 3669 342 3744 πρῶτον
368 3664 479 3744 διέτριύε
509 3666 569 3745 περὶ
594 3668 642 3737 τὴν
671 3667 878 3738 Πελοπόννησον,
904 3669 1019 3748 συνέχων
1063 3675 1125 3724 laius
1145 3675 1251 3737 reliquiis
1270 3676 1369 3726 milliens
1388 3678 1545 3727 sustentabat.
1578 3682 1636 3728 Posi
1650 3680 1681 3728 ad
1699 3680 1832 3730 manum

241 3752 299 3818 τοὺς
312 3751 473 3831 στρατιιύτας
485 3756 515 3811 lx
523 3757 575 3811 τῶν
583 3753 799 3832 ίεροσυληθέντων
807 3753 947 3834 λειψάνων,
953 3756 1020 3833 pest
1062 3762 1181 3811 onerarias
1193 3762 1285 3824 aliqncl
1300 3776 1398 3825 magnas
1409 3764 1541 3826 conduxit,
1557 3768 1582 3814 et
1597 3768 1711 3828 quattuor
1724 3767 1782 3816 alins
1796 3765 1832 3814 bc·

242 3838 269 3898 δὲ
292 3844 375 3898 ταῦτα
395 3841 421 3897 ἐν
445 3839 561 3919 Κορίνθῳ
585 3838 781 3915 μισθωσάμενος
802 3842 882 3899 πλοῖα
903 3842 1019 3922 ρορτηγδ
1064 3847 1157 3896 miotins
1166 3860 1249 3896 secum
1262 3848 1360 3909 liabens,
1368 3862 1465 3899 crrrsum
1474 3851 1597 3900 initaliam
1610 3851 1764 3914 Siciliamque
1774 3850 1832 3901 ador·

203 3956 229 3995 tc
243 3924 361 4003 μεγάλα,
382 3925 428 3984 καλ
445 3925 570 4006 τέτταρας
583 3924 650 4005 έχοιν
665 3925 799 4001 ἡμιολίας,
813 3931 1020 4007 παρεσκευάζετο
1063 3934 1147 3992 nnbat,
1156 3935 1264 3983 laturum
1272 3950 1379 3998 sperans,
1390 3939 1418 3985 nl
1424 3937 1461 3985 vel
1472 3937 1554 3987 arbem
1562 3938 1616 3987 istic
1624 3938 1732 3989 locorum
1738 3941 1831 4002 aliquam

241 4012 305 4093 πρὸς
318 4013 362 4070 τδν
373 4015 409 4079 εἰς
422 4011 469 4084 τὴν
482 4012 598 4072 Ἰταλίαν
612 4012 657 4071 καί
668 4013 791 4073 Σικελίαν
804 4017 899 4089 πλοῦν,
909 4018 1018 4094 νομίζων
1062 4025 1201 4083 oocuparet,
1209 4023 1246 4070 rel
1257 4022 1376 4084 stipendio
1383 4024 1469 4072 alicubi
1479 4024 1660 4075 conduceretur.
1692 4029 1830 4077 lateriani·

243 4102 270 4157 ἐν
284 4099 382 4167 τούτοις
404 4109 456 4166 τοῖς
473 4098 594 4171 τόποιςῆ
616 4101 813 4182 καταλήψεσθαί
834 4125 892 4161 τινα
914 4103 1017 4177 πόλινῆ
1064 4121 1108 4156 ¹¹⁰8
1122 4107 1185 4157 enim
1206 4120 1235 4156 ⁸0
1255 4109 1395 4158 Ταῑθῦῑὶῠοῦ
1415 4110 1503 4159 bollum
1523 4116 1580 4160 iuno
1595 4113 1711 4175 temporis
1729 4116 1828 4163 morium

243 4186 376 4255 τεύξεσθαι
401 4187 575 4268 μισθοφορίας·
599 4188 726 4267 ἐτύγχανε
738 4187 789 4268 γάρ
803 4192 944 4258 Λευκανοῖς
957 4193 1020 4273 πρὸς
1063 4197 1121 4241 erat.
1154 4193 1222 4256 Apud
1234 4194 1391 4255 navigationis
1402 4202 1482 4246 autem
1492 4197 1570 4247 socios
1578 4200 1680 4248 accitum
1693 4196 1831 4251 seruoli

243 4273 418 4353 Ταραντίνους
429 4273 593 4345 συνεστηκὼς
599 4275 723 4353 πόλεμος.
766 4276 836 4356 Πρδς
847 4274 874 4335 δέ
881 4277 940 4344 τοὺς
951 4302 1018 4355 eup-
1064 4280 1174 4342 ltaiisque
1185 4281 1319 4330 simulabat.

205 4379 231 4419 sa
244 4361 369 4428 πλέοντας
393 4360 442 4442 έρη
462 4361 648 4439 μετάπεμπτος
657 4364 731 4420 πλεῖν
742 4362 792 4421 θπδ
805 4367 856 4422 τῶν
870 4363 896 4433 ἐξ
908 4364 1021 4432 Ἰταλίας

244 4449 289 4508 καὶ
301 4448 431 4514 Σικελίας.

283 4538 373 4597 Lxli.
396 4533 604 4603 Ἐκπλεύσαντος
618 4536 639 4595 δ’
653 4537 731 4594 αὐτοῦ
751 4535 796 4594 καί
814 4537 939 4614 πελαγίου
952 4562 1019 4616 γενο·
1094 4545 1165 4591 Lxlt.
1182 4546 1310 4605 Quumque
1319 4544 1373 4593 reia
1392 4546 1480 4595 iaciens
1490 4561 1532 4609 per
1545 4548 1621 4597 altum
1637 4561 1703 4597 mare
1715 4550 1829 4603 lenden.

245 4623 336 4700 μένου,
351 4621 507 4704 στρατιῶταί
522 4646 589 4690 τινες
612 4627 663 4681 τῶν
686 4625 713 4680 έν
736 4627 773 4703 τῷ
798 4623 912 4705 μεγίστῳ
936 4626 1020 4706 πλοίῳ
1064 4634 1166 4682 militum
1180 4635 1300 4696 nonnulli,
1314 4636 1391 4699 quiin
1410 4638 1466 4686 navi
1487 4640 1591 4687 maxima
1604 4652 1662 4687 cnm
1678 4638 1831 4689 anlmcore·

244 4709 429 4787 κομιζομένων,
448 4700 519 4790 ᾧπερ
534 4710 638 4777 αθτδςύ
655 4711 792 4777 Φάλαικος
814 4710 927 4784 ἐνέπλει,
944 4711 1020 4789 λόγον
1064 4721 1188 4781 habentur,
1198 4721 1316 4785 colloquio
1325 4724 1712 4788 intersebablto,snspicabantur
1722 4740 1737 4775 ιι
1748 4724 1830 4776 nemim

207 4795 499 4866 ωάλλήλοιςέδίδοσαν,
509 4800 673 4863 ὑπονοοῦντες
687 4797 785 4874 μηδένα
797 4798 1019 4879 μεταπέμψασθαι
1064 4809 1294 4858 εοατεεουίῑοοεεοο.
1325 4814 1408 4873 Neque
1418 4811 1482 4860 enirn
1497 4812 1570 4862 duces
1580 4812 1612 4861 ab
1623 4814 1830 4875 expetentibnsaa·

246 4892 320 4964 σρᾶς.
362 4881 431 4941 Ούτε
444 4882 494 4962 γάρ
508 4882 636 4960 ἡγεμόνας
650 4882 736 4964 ἐώρων
750 4884 803 4943 άπδ
814 4889 865 4943 τῶν
882 4888 1020 4945 ἐπικαλου·
1063 4895 1120 4944 ιιίΙίε
1129 4896 1215 4945 missos
1225 4895 1297 4946 simul
1309 4897 1342 4947 ire
1353 4899 1716 4963 cernebanl,nequcexiguam,
1729 4900 1830 4951 sedbent

247 4968 331 5048 μένων
345 4967 540 5047 συμπλέοντας,
560 4969 617 5028 ούτε
640 4974 655 5028 δ
676 4974 757 5038 πλοῦς
777 4964 809 5043 ἦν
831 4972 928 5051 ὀλίγος,
952 4973 1020 5033 alli
1063 4982 1157 5042 longam
1170 4984 1194 5032 et
1213 4983 1328 5034 molestiis
1338 4984 1501 5047 plenissimam
1513 4986 1659 5049 pmpositanr
1675 4987 1832 5037 babebantaa

246 5053 326 5123 πολύς
339 5056 458 5114 balanino
472 5056 517 5114 καί
529 5057 652 5135 χαλεπός.
695 5060 725 5134 (υ)
743 5057 840 5139 Διόπερ
852 5062 1021 5127 ἀπιστοῦντες
1064 5068 1217 5129 rigationem.
1251 5070 1285 5132 (2)
1304 5075 1431 5135 Propterea
1446 5074 1609 5136 nonnmplius
1620 5074 1766 5125 medendum
1778 5074 1828 5125 l’tn-

248 5143 303 5221 ἅμα
326 5151 379 5212 τοῖς
395 5141 542 5221 λεγομένοις
562 5143 608 5202 καί
621 5143 775 5224 ροάούμενοι
798 5143 847 5216 τὴν
870 5145 1017 5206 διαπόντιον
1064 5157 1123 5206 lacco
1131 5156 1237 5207 arbitrati
1246 5162 1270 5209 et
1277 5160 1457 5211 transmarinam
1466 5161 1531 5211 illam
1544 5161 1721 5225 expeditionem
1735 5159 1827 5213 τωοτιυί
