3994 5914
260 432 317 482 268

258 558 305 618 κη’.
326 558 367 614 Ὠς
385 553 560 609 Πολύκλειτοςό
574 549 718 614 Πτολεμαίου
736 550 850 614 ναύαρχος
870 549 963 606 ἐνίκησε
983 546 1035 601 τοὺς

287 633 415 697 Ἀντιγόνου
423 630 564 695 στρατηγοὺς
578 629 618 677 καί
628 628 689 675 κατὰ
698 632 740 688 γῆν
749 630 788 675 καί
800 628 860 675 κατὰ
872 626 994 675 θάλατταν.

711 412 901 473 ΔΙΟΔΩΡΟΥ
921 409 999 470 ΤΟΥ
1020 407 1256 467 lilerium
1277 409 1372 467 ΒΙΠΔ.
1393 408 1442 466 ίΘ.

1712 410 1859 487 (νυ-ναί

1086 558 1121 597 28.
1139 552 1167 597 lit
1181 551 1321 607 Polyclitus,
1341 551 1460 597 Ptolemaei
1480 551 1624 605 nauarchus,
1651 553 1769 608 Autiyoni
1790 553 1863 597 duces

1108 630 1378 686 terrumoriyueoicerit.

257 711 301 761 ια’.
315 712 372 775 Περὶ
381 716 422 769 τῆς
430 708 591 769 Ἀγαθοκλέους
599 704 718 767 στρατείας
736 704 773 752 ἐπὶ
783 703 930 761 Μεσσηνίους
938 702 978 751 καί
996 706 1037 759 τῆς
1080 717 1114 755 oe.
1129 712 1164 755 oe
1177 710 1315 765 aestuosos
1328 709 1508 765 expeditionem
1522 709 1659 765 umentes,
1672 713 1695 754 ee
1704 722 1760 766 paee
1769 723 1785 754 a
1794 711 1856 756 cers

288 788 459 851 μεσιτευθείσης
466 778 555 847 εἰρήνης
564 784 610 831 ὑπό
619 780 791 844 Καρχηδονίων.

262 864 291 914 λ’.
307 863 434 926 Νουκερίας
444 861 573 915 ἀπόστασις
584 859 630 908 ἀπό
641 857 774 921 Ῥωμαίων.

1108 788 1447 845 ίίαρίιιίενισῖθυιίιιισνμοοίία.

1081 872 1115 913 ³0.
1129 868 1233 911 Naeerioe
1247 867 1383 912 allansonis
1391 866 1496 920 delectio.

259 943 312 1003 λα’.,
323 943 359 991 Τά
370 942 501 1004 πραχθέντα
507 943 554 993 τοῖς
560 937 686 1000 Ἀντιγόνου
692 938 734 985 καί
743 933 893 998 Κασσάνδρου
901 936 1037 997 mollitia(
1081 950 1118 991 oi.
1135 946 1198 1002 Quid
1206 946 1323 1002 Antiyoni
1333 949 1356 989 et
1367 945 1492 989 Cassandri
1500 945 1569 989 duces
1574 957 1618 1002 per
1629 945 1742 990 Greeiam
1753 946 1853 1003 eyerint.

290 1020 393 1082 περὶτὴν
402 1016 509 1066 Ἐλλάδα

261 1095 304 1144 λό’.
324 1094 478 1157 Κασσάνδρου
496 1090 604 1155 στρατεία
620 1092 652 1147 είς
669 1091 711 1148 την
726 1089 841 1138 Αίτωλίαν
853 1089 893 1136 καὶ
909 1088 962 1143 τοὺς
978 1087 1038 1135 κατὰ

290 1175 330 1223 τόν
341 1174 429 1235 Ἀδρίαν
442 1172 535 1226 τόπους.

261 1251 303 1311 λγ’.
321 1252 418 1306 Ἀλωσις
427 1251 478 1313 περὶ
495 1247 583 1311 Καρίαν
594 1252 634 1305 τῆς
644 1243 815 1301 ἀποσταλείσης
824 1245 870 1293 όπό
885 1241 1039 1306 Κασσάνδρου

291 1328 348 1376 δυνά
378 1344 418 1382 ως.

260 1405 304 1453 λδ.
322 1343 394 1459 Ὠιςιεοί
404 1402 500 1466 ρυγάδες
508 1406 555 1449 τῶν
569 1398 733 1463 Συρακουσίων
749 1396 935 1462 Ἀκραγαντίνους
946 1396 1040 1445 πείσαν·

292 1497 328 1535 τες
335 1482 441 1542 πολεμεῖν
455 1479 592 1538 Ἀγαθοκλεῖ,
600 1476 728 1537 στρατηγόν
738 1476 765 1523 έκ
780 1474 953 1537 Λακεδαίμονος
965 1473 1036 1537 Ἀκρό

291 1574 361 1605 τατον
371 1556 553 1620 μετεπέμψαντο.

261 1633 302 1683 λε’.
320 1635 358 1688 Ὡς
369 1633 435 1687 οὗτος
445 1632 486 1694 μέν
495 1630 637 1693 παραλαὸὼν
648 1630 690 1687 τὴν
704 1626 829 1690 ἡγεμονίαν
842 1631 981 1691 τυραννικῶς
995 1626 1036 1690 ἀρ·

292 1727 342 1774 χων
351 1710 475 1771 διεγένετο,
486 1711 508 1756 oi
528 1708 548 1756 δ’
559 1708 728 1769 Ἀκραγαντῖνοι
738 1707 780 1763 τὴν
797 1705 887 1768 εἰρήνην
898 1705 1037 1762 ἐποιήσαντο

292 1787 347 1849 πρός
360 1787 399 1834 τόν
411 1785 535 1841 δυνάστην.

261 1865 306 1920 λς’.
324 1863 360 1911 Τό
370 1863 504 1925 πραχθέντα
513 1859 637 1922 Ῥωμαίοις
649 1860 698 1921 περὶ
708 1860 749 1917 τὴν
760 1858 891 1921 Ἰαπυγίαν.

163 1948 165 1954 “
262 1941 302 1996 λζ’.
320 1941 483 1987 Καλλατιανῶν
502 1937 633 1991 ἀπόστασις
651 1936 698 1984 ἀπό
717 1934 856 1998 Λυσιμάχου
874 1935 914 1983 καὶ
935 1934 965 1982 τά
983 1949 1042 1994 συμ-

293 2017 366 2065 6άντα
376 2020 423 2070 τοῖς
433 2015 470 2062 ἐπὶ
481 2015 522 2071 τὴν
537 2014 643 2076 βοήθειαν
654 2013 817 2060 ἀποσταλεῖσιν
828 2013 868 2060 ὑπ’
878 2011 1017 2071 Ἀντιγόνου.

264 2093 309 2151 λη’.
327 2094 368 2148 Ὠς
389 2092 505 2146 ψιλιππος
523 2090 661 2144 ἀποσταλείς
679 2090 725 2137 ὑπὸ
746 2088 897 2151 Κασσάνδρου
916 2088 1043 2149 στρατηγὸς

296 2172 328 2225 είς
338 2171 380 2226 τὴν
390 2168 514 2228 Αἰτωλίαν,
524 2167 629 2224 ἐνίκησεν
643 2166 759 2221 Αἰτωλοὺς
782 2166 832 2228 ἅμα
840 2165 944 2219 καὶτοὺς
962 2163 1043 2213 ‘Heres-

265 2262 478 2382 iiffioec'pmpuioi
488 2319 553 2381 μάχη
564 2319 697 2376 νικήσαντες
707 2317 821 2380 Σαμνίτας
830 2318 879 2379 μετ’
889 2317 966 2377 όλίγον
979 2319 1043 2378 Καμ·

297 2401 383 2455 πανοὺς
397 2398 545 2452 ἀποστάντας
556 2396 736 2458 προςηγάγοντυ.

266 2477 302 2539 μ’.
319 2477 361 2531 Ὠς
381 2474 503 2534 Ἀντίγονος
526 2474 655 2534 Πολέμωνα
673 2474 801 2536 στρατηγὸν
822 2473 965 2530 ἐξαπέστειλε
981 2470 1038 2532 μετά

298 2551 415 2614 δυνάμεως
423 2550 608 2613 ἐλευθερώσοντα
623 2550 676 2605 τοὺς
689 2551 815 2611 Ἕλληνας,
826 2552 866 2599 καὶ
877 2551 906 2598 τά
916 2548 1045 2613 πραχθέντα

300 2629 352 2692 περὶ
362 2627 518 2685 τὴνἙλλάδα.

268 2705 315 2768 μα’.
332 2704 470 2759 Ἀπόατασις
486 2701 621 2767 Κυρηναίων
640 2703 679 2750 καὶ
691 2703 791 2764 ἅλωσις,
810 2704 843 2753 έτι
856 2704 881 2753 δέ
899 2708 1045 2770 Πτολεμαίου

300 2783 409 2845 στρατεία
423 2784 454 2838 είς
463 2782 556 2844 Κάπρον
569 2783 608 2829 καί
617 2781 707 2844 Συρίαν.

269 2857 319 2923 μί’.
336 2860 408 2921 Μάχη
419 2858 552 2920 Δημητρίου
561 2858 617 2920 πρὸς
625 2860 769 2921 Πτολεμαῖον
778 2861 818 2908 καί
827 2860 879 2918 νίκη
890 2863 1044 2924 Πτολεμαίου.

269 2937 317 3000 μγ’.
334 2937 471 2993 Ἀπόστασις
484 2936 626 2999 Τελεσφόρου
640 2942 681 2985 τοῦ
690 2943 819 3001 στρατηγοῦ
833 2940 880 2988 ἀπὸ
892 2940 1026 2996 Ἀντιγόνου.

268 3015 314 3079 μί’.
332 3015 368 3063 Τὰ
383 3016 434 3078 περί
444 3015 485 3072 τὴν
498 3014 609 3077 Ἤπειρον
626 3015 667 3063 καί
678 3016 718 3063 τόν
732 3015 823 3079 Ἀδρίαν
836 3018 967 3080 πραχθέντα
985 3021 1047 3067 Κασ·

298 3094 398 3156 σάνδρῳ.

268 3170 311 3232 με’.
327 3171 366 3225 Ὡς
384 3170 493 3225 Σελενκσς
511 3169 575 3232 παρὰ
594 3169 740 3232 Πτολεμαίου
754 3170 832 3220 λαόὼν
848 3171 943 3234 δύναμιν
957 3171 1046 3235 ὀλίγην,

298 3247 410 3310 έκράτησε
423 3248 561 3303 Βαόυλῶνος
572 3248 613 3295 καὶ
619 3248 661 3304 τὴν
671 3247 868 3311 προϋπάρχουσαν
887 3250 952 3311 αὐτῷ
963 3265 1046 3313 σατρα·

299 3324 366 3371 πείαν
376 3324 520 3373 ἀνεσώσατο.

269 3401 314 3463 μς’.
330 3404 371 3457 Ὡς
380 3402 504 3463 Ἀντίγονος
516 3402 641 3458 ἀκινδύνως
656 3404 797 3465 παραλαόὼν
811 3404 890 3463 κοίλην
907 3406 999 3469 Συρίαν,
1010 3407 1047 3455 δύ·

299 3495 367 3540 ναμιν
378 3479 501 3541 ἐξέπεμψεν
507 3480 539 3534 είς
552 3479 593 3536 τὴν
600 3478 711 3542 Ἀραόίαν.

270 3557 305 3619 μί’
316 3557 371 3618 Περὶ
380 3562 427 3604 τῶν
435 3557 539 3619 νομίμων
551 3557 585 3613 οίς
596 3562 679 3620 χρῆται
687 3558 717 3605 τά
728 3559 781 3615 έθνη
791 3563 838 3607 τῶν
850 3561 958 3623 Ἀράόων.

270 3631 319 3695 μη’.
336 3634 392 3694 Περὶ
403 3638 443 3690 τῆς
452 3634 592 3694 καλουμένης
602 3632 768 3690 Ἀσφαλτίτιδος
780 3635 869 3697 λίμνης.

271 3710 317 3771 μί’.
334 3709 373 3764 Ὡς
380 3708 507 3770 Ἀντίγονος
517 3709 557 3757 τόν
575 3709 624 3757 υίάν
637 3711 767 3773 Δημήτριον
778 3712 921 3766 ἐξαπέστειλε
935 3715 993 3777 μετὰ
1008 3722 1048 3776 τῆς

298 3786 419 3851 ’δυνάμεως
428 3791 460 3844 είς
468 3790 509 3846 τὴν
520 3789 657 3838 Παὸυλῶνα.

271 3867 298 3915 ν’.
315 3869 371 3930 Περὶ
380 3871 427 3915 τῶν
435 3867 581 3930 πραχθέντων
591 3865 714 3929 Ῥωμαίοις
723 3868 763 3915 καί
778 3869 910 3931 Σαμνίταις.

270 3945 313 3994 να’.
330 3947 371 4000 Ὡς
379 3946 514 4007 Ἀγαθοκλῆς
523 3944 669 4003 Μεσσηνίους
679 3948 899 4011 παρακρουσάμενος
909 3955 949 4009 τῆς
958 3952 1045 4010 πόλεως

302 4020 439 4083 ἐκυρίευσεν.

271 4098 314 4145 ν6’.
329 4098 371 4153 Ὠς
386 4097 439 4153 τοθς
451 4098 639 4159 ἀντιταξαμένους
657 4099 796 4156 Μεσσηνίων
806 4102 845 4149 καί
864 4104 1046 4169 Ταυρομενιτῶν,

301 4173 334 4222 έτι
346 4175 371 4222 δέ
382 4174 559 4237 Κεντοριπίνων,
572 4173 707 4236 ἀπέσφαξεν.

270 4251 313 4314 νγ’.
331 4251 373 4308 Ὠς
386 4253 521 4314 Ἀγαθοκλῆς
531 4253 671 4317 Δεινοκράτη
680 4254 781 4311 καὶτοὺς
790 4257 892 4319 ρυγάδας
905 4263 956 4324 περὶ
974 4264 1048 4312 rapu.

315 4347 322 4376 i
339 4348 352 4377 ν
374 4347 412 4377 νικ
459 4366 465 4377 .

270 4346 314 4454 νδ’ρ
324 4330 492 4464 o{hildigrimi
501 4405 642 4470 Ἀλεξάνδρου
653 4413 695 4456 τοῦ
705 4409 817 4472 βασιλέως
826 4411 929 4470 θάνατος.

269 4483 309 4532 re'.
327 4485 363 4533 Τὰ
376 4485 506 4548 πραχθέντα
517 4485 640 4547 Ῥωμαίοις
651 4486 711 4534 κατὰ
720 4488 760 4543 την
769 4486 876 4538 Ἰταλίαν.

270 4559 311 4616 ναῖ’.
329 4563 385 4625 Περὶ
393 4568 432 4620 τῆς
442 4563 563 4624 γενομένης
570 4567 617 4617 τοῖς
629 4563 791 4625 Καρχηδονίοις
801 4570 920 4626 ναυαγίας.

269 4640 310 4693 υἷ’.
327 4641 365 4696 Ὡς
375 4642 528 4704 Καρχηδόνιοι
540 4642 590 4704 περὶ
605 4642 645 4697 τόν
656 4643 752 4703 Ἱμέραν.
771 4642 910 4703 Ἀγαθοκλέα
922 4646 1045 4709 παρατάξει

300 4717 436 4774 νικήσαντες
448 4720 597 4768 συνέκλεισαν
607 4720 638 4774 είς
649 4720 689 4774 τὰς
703 4721 860 4781 Συρακούσας.

578 4870 741 4895 —aeouo-

1084 1097 1117 1138 3⁴2.
1136 1090 1261 1135 Cassandri
1269 1089 1384 1146 expeditio
1397 1091 1425 1135 ln
1440 1090 1554 1135 AEtoiiom
1563 1094 1586 1135 ei
1595 1091 1684 1135 vicinas
1694 1091 1776 1136 Adria
1784 1093 1864 1147 reyio-

1109 1174 1268 1225 nessuseepta.

1083 1250 1117 1290 33.
1133 1249 1207 1303 Copten
1219 1262 1235 1292 α
1246 1248 1375 1293 Cassandro
1388 1248 1462 1292 misse
1475 1260 1544 1305 prope
1557 1248 1653 1294 Corium
1670 1248 1782 1293 irrisoriis
1793 1253 1861 1305 pote·

1110 1329 1192 1369 statem
1201 1326 1306 1370 verriunt.

1083 1411 1117 1450 ti.
1135 1405 1164 1448 llt
1182 1405 1380 1460 Syracusanorum
1398 1407 1490 1458 autes,
1513 1405 1545 1450 ad
1556 1406 1717 1461 saeemendum
1734 1406 1865 1462 Ayatioeti

1112 1485 1197 1529 bellum
1208 1485 1324 1540 persuasis
1333 1486 1513 1540 Ayriyentinis,
1529 1485 1689 1542 imperatorem
1703 1487 1750 1531 silii
1764 1490 1866 1533 Acrota-

1111 1567 1161 1607 tum
1172 1564 1333 1607 lacedemone
1342 1564 1476 1608 desiverint.

1085 1648 1119 1687 tto.
1138 1642 1167 1685 lit
1180 1641 1218 1685 liic
1227 1643 1351 1698 imperium
1369 1643 1479 1698 adeptus,
1495 1643 1616 1699 tyrannice
1625 1643 1693 1688 reim
1701 1645 1833 1700 peremerit,
1843 1649 1868 1689 et

1112 1721 1265 1777 Apriyerstini
1274 1734 1328 1766 eum
1340 1722 1445 1778 principe
1453 1735 1535 1777 pacem
1544 1723 1655 1777 jecerint.

1085 1867 1118 1906 ae.
1135 1862 1192 1917 Que
1204 1862 1305 1906 Romani
1314 1863 1339 1906 in
1349 1864 1451 1920 lapyyio
1460 1865 1579 1920 yesserint.

1086 1948 1119 1986 37.
1137 1941 1323 1986 Collatianorum
1334 1942 1429 1995 delectio
1437 1955 1452 1985 α
1464 1943 1612 1999 Lysimacho,
1625 1948 1647 1988 et
1664 1945 1722 2002 yuid
1734 1949 1865 1993 auxiliari·

1114 2020 1155 2064 θαι
1161 2033 1176 2063 α
1190 2021 1319 2065 Cassandro
1328 2021 1404 2065 missis
1411 2023 1528 2067 acciderit.

1087 2104 1120 2143 ³8.
1138 2099 1166 2142 Ut
1177 2099 1313 2156 Philippus,
1327 2100 1454 2145 Cassandri
1461 2103 1487 2145 in
1501 2103 1590 2148 AEtolio
1602 2102 1705 2159 leyatus,
1718 2106 1807 2151 AEtoloe
1816 2118 1868 2150 une

1113 2188 1166 2219 eum
1174 2177 1273 2233 Epirotis
1274 2178 1374 2233 fuderit.

1087 2319 1121 2358 ³9.
1139 2313 1169 2357 Ut
1183 2314 1295 2369 Romani,
1314 2314 1457 2360 Samnitibus
1477 2316 1558 2372 presio
1579 2315 1706 2373 superetis,
1724 2331 1773 2363 nors
1790 2322 1869 2365 multo

1113 2394 1247 2448 postellam
1260 2396 1392 2449 Campanae
1401 2395 1495 2439 eeoettes
1503 2397 1536 2440 od
1545 2397 1679 2453 obsequium
1692 2398 1840 2445 reduxerint.

1088 2477 1122 2516 to.
1139 2472 1168 2515 lit
1182 2473 1317 2527 Antiyonus
1335 2474 1480 2518 Polemonem
1498 2488 1551 2519 cum
1568 2476 1672 2521 exercitu
1689 2477 1722 2521 od
1735 2478 1869 2523 tiberiotens

1117 2550 1200 2595 Grecis
1210 2551 1349 2596 reddendam
1356 2553 1454 2608 miserit,
1470 2558 1491 2597 et
1500 2567 1550 2611 que
1559 2555 1585 2598 iu
1600 2555 1690 2599 Greeio
1698 2557 1851 2613 eontiyeriesl

1087 2703 1126 2742 it.
1144 2698 1247 2752 Deiectio
1256 2699 1321 2743 ardis
1332 2698 1497 2756 Cyrenensium
1508 2705 1529 2746 et
1539 2705 1689 2760 espuyuatio.
1701 2707 1804 2763 ltemsyue
1813 2708 1868 2752 Pto·

1116 2776 1190 2821 temeri
1201 2776 1227 2821 in
1238 2778 1339 2834 Cyprum
1348 2783 1370 2822 et
1379 2779 1470 2835 Syriam
1479 2781 1601 2836 expeditio.

1089 2862 1122 2900 it.
1137 2856 1223 2912 Puyua
1232 2856 1344 2900 Demetrii
1353 2870 1406 2902 eum
1415 2861 1548 2914 Ptolemaeo,
1558 2864 1581 2904 ei
1592 2861 1713 2906 Ptolemaei
1724 2865 1830 2909 sutoria.

1089 2939 1122 2978 ii.
1140 2933 1288 2989 Telesphorus
1295 2936 1345 2979 due
1354 2936 1383 2979 αθ
1394 2938 1512 2993 Autiyouo
1523 2938 1633 2982 desciscit.

1090 3016 1123 3056 ei.
1140 3013 1204 3068 Quid
1216 3014 1346 3058 Cassander
1352 3017 1414 3059 circo
1422 3017 1520 3073 Epirum
1533 3023 1556 3062 et
1567 3019 1670 3064 Adriam
1682 3023 1768 3077 eyerit.

1090 3177 1123 3216 τό.
1141 3172 1292 3228 lltSeteucus,
1311 3186 1385 3229 parua
1396 3174 1500 3219 militum
1517 3188 1592 3221 mauu
1605 3190 1621 3222 α
1634 3178 1760 3223 Ρίοίσνιαο
1777 3179 1869 3226 instru-

1115 3254 1177 3304 ctus,
1189 3252 1331 3308 Babylonem
1340 3254 1470 3310 suoeycrit,
1481 3259 1504 3300 et
1519 3257 1648 3313 satrapiam
1660 3258 1788 3313 pristinam
1800 3272 1868 3305 reeu-

1115 3330 1212 3384 pererit.

1090 3414 1124 3454 io.
1141 3409 1169 3452 llt
1180 3409 1324 3465 Aniiyouus,
1335 3410 1395 3454 citro
1402 3412 1532 3467 perieulum
1549 3413 1612 3457 Coeo
1623 3414 1693 3471 Syria
1705 3416 1807 3472 potitus,
1816 3419 1867 3462 vim

1117 3489 1222 3533 militum
1233 3488 1260 3533 irs
1268 3490 1383 3533 Arabiam
1390 3490 1485 3535 miserit.

1090 3572 1124 3611 47.
1141 3569 1175 3611 De
1187 3568 1276 3623 leyibus
1287 3573 1309 3613 et
1317 3569 1441 3623 institutis,
1453 3570 1537 3626 quidus
1547 3584 1604 3627 yeus
1612 3573 1720 3618 Aradum
1730 3575 1815 3620 utilur.

1090 3651 1127 3691 is.
1146 3647 1181 3690 De
1188 3648 1286 3703 palade,
1297 3660 1368 3704 quam
1377 3648 1561 3704 Asplalriudem
1572 3656 1717 3708 nuncupant.

1091 3724 1125 3770 ίυ.
1143 3726 1171 3769 tlt
1182 3727 1315 3781 Antiyonas
1329 3727 1472 3772 Demetrium
1481 3730 1564 3783 silium
1582 3742 1634 3775 cum
1647 3732 1750 3776 exercitu
1764 3732 1866 3791 Baiyto

1117 3818 1170 3849 nem
1181 3806 1274 3849 πιίεενίί.

1091 3892 1125 3931 νυ.
1142 3886 1198 3939 Que
1205 3886 1304 3929 Romani
1313 3890 1334 3930 et
1343 3886 1456 3931 Samnites
1464 3888 1583 3943 yesserirst.

1091 3971 1124 4008 ot.
1142 3964 1170 4008 ltt
1178 3964 1329 4020 Ayotleoctes‚
1339 3966 1392 4009 dolo
1400 3965 1561 4012 circumventis
1574 3967 1702 4022 Messeniis,
1716 3968 1869 4025 urdepotites

1116 4046 1128 4075 s
1148 4065 1154 4076 .

1091 4037 1171 4146 tunllt
1181 4101 1314 4156 Messenios,
1331 4102 1506 4149 Tauromeniias
1512 4109 1535 4149 et
1543 4106 1716 4163 Gentoripinos,
1724 4108 1771 4152 sibi
1785 4109 1860 4154 adrcr

1117 4175 1179 4214 satos
1185 4172 1325 4226 ,Juyularil

1091 4255 1123 4294 tt.
1142 4250 1170 4294 Ut
1192 4250 1332 4303 Ayotirocles
1355 4252 1506 4298 Dinocratem
1533 4255 1656 4312 exulesque
1680 4257 1713 4301 ad
1742 4258 1868 4303 Galeriam

1114 4329 1254 4383 profliyarit.

1091 4411 1122 4449 ii.
1139 4406 1260 4449 liborantes
1273 4411 1295 4450 et
1305 4408 1436 4452 Alexandri
1447 4410 1509 4465 reyis
1519 4411 1637 4457 interitus.

1091 4491 1124 4527 σε).
1140 4485 1197 4538 Quoe
1207 4485 1308 4528 Romani
1316 4487 1341 4530 iu
1353 4488 1427 4531 Italio
1434 4490 1553 4542 yesseriut.

1091 4568 1124 4606 αα.
1140 4563 1175 4604 lte
1184 4563 1311 4619 uaasrayio
1323 4565 1561 4621 Cartdayiuieusium.

1090 4647 1126 4685 tet.
1146 4640 1174 4683 Ut
1183 4641 1387 4697 Carthayiuieuses
1395 4646 1562 4700 Ayallsoeteru,
1579 4648 1667 4694 coliata
1678 4650 1728 4694 acie
1737 4651 1825 4696 rictum
1835 4656 1867 4699 au

1117 4717 1249 4773 Himeram,
1264 4719 1328 4765 iutra
1338 4724 1465 4776 Syracusas
1473 4726 1634 4771 concluserint

1394 4875 1555 4899 “Omo-

308 4972 332 5029 Ι.
353 4972 471 5038 Παλανός
482 4996 520 5040 τις
531 4974 705 5055 παραδέδοται
718 4973 792 5053 λόγος
803 4975 842 5035 ὅτι
854 4975 900 5043 τάς
915 4979 1046 5060 δημοκρα-
1119 4991 1139 5037 1.
1154 4991 1229 5039 vetus
1244 4989 1364 5051 quoddam
1378 4992 1468 5042 dictum
1486 5008 1528 5057 per
1542 4995 1691 5048 traditionem
1707 5006 1865 5065 propagatum

271 5055 328 5124 πίας
342 5058 391 5137 οὔχ
401 5061 425 5116 oi
436 5058 555 5137 τυχόντες
568 5065 619 5119 τῶν
632 5060 853 5142 tripertiuntur
866 5069 889 5123 oi
899 5074 955 5132 ταῖς
967 5070 1045 5146 ὓπερ·
1088 5079 1133 5135 est,
1142 5075 1297 5126 democretius
1308 5092 1374 5127 nona
1383 5080 1508 5142 quibusvis
1516 5082 1663 5147 homiuibus,
1672 5087 1752 5137 sedai)
1761 5089 1807 5147 iis,
1820 5093 1863 5155 qui

271 5144 344 5224 οχαῖς
359 5143 512 5224 προέχοντες
535 5145 702 5208 καταλύουσι.
744 5148 791 5208 Διά
809 5150 854 5209 καί
874 5156 925 5211 τῶν
943 5151 1043 5212 πόλεων
1091 5162 1204 5224 dignitate
1218 5165 1368 5229 procellunt,
1383 5170 1466 5219 everti.
1500 5173 1576 5228 Quam
1588 5173 1659 5223 etium
1668 5173 1700 5225 ob
1712 5188 1762 5226 rem
1778 5177 1865 5232 cirita·
