3954 5908
125 419 263 498 ιεοιιοι
537 446 557 503 ,·
700 426 864 491 oronom
884 429 1007 493 sicum
1027 435 1098 497 nra.
1121 439 1185 500 xx.
1223 441 1227 445 ·
1667 459 1733 525 «ω,

125 546 175 627 τήν
188 546 299 618 πλησίον
313 546 404 627 χώραν
418 549 464 609 καί
487 552 591 610 καθεῖλε
615 550 662 618 τίς
685 554 822 628 ἐπαύλεις,
833 556 859 625 ἐξ
873 547 909 616 ῶν

125 631 253 716 ὠχύρωσε
264 632 312 703 τήν
327 636 538 716 στρατοπεδείαν,
550 637 699 718 περιλαθὼν
708 644 809 724 τριπλῷ
822 643 909 723 χοίρα·

125 743 152 777 κι
163 719 209 779 καί
224 719 397 801 σταυρώμασι
409 728 515 790 πυκνοῖς
526 723 571 783 καλ
580 726 715 804 μεγιίλοις,
727 726 788 795 ῶςτε
799 729 907 802 τὴντῶν

125 805 259 882 πολεμίων
272 806 375 885 βλόόην
383 808 499 887 γίνεσθαι
510 814 563 869 τῶν
572 811 643 870 ἰδίων
656 814 810 895 ἇσροίλειαν.
832 815 909 876 Μετὰ

96 917 112 958 a
126 894 153 957 δδ
167 899 252 953 ταῦτα
262 894 381 976 πείσητῇ
402 898 510 975 δυνάμει
525 898 571 957 καί
586 900 640 967 ταῖς
653 902 829 983 πληρώμασιν
839 904 908 984 έχω-

125 1005 170 1041 σεν
182 984 208 1040 ἐν
222 980 321 1058 ὀλίγαις
334 981 446 1063 ἡμέραις
458 983 488 1043 τὸ
500 985 596 1062 μεταξύ
604 992 653 1058 τῆς
663 987 764 1057 πόλεως
774 991 907 1050 διαλεῖπον

124 1065 189 1148 πρὸς
201 1065 249 1137 τήν
263 1066 381 1141 edens,
390 1068 436 1128 καί
448 1070 625 1131 κατεσκεύασε
636 1072 731 1151 λιμένα
747 1083 807 1143 ταῖς
817 1077 907 1137 ναυσὶν

126 1157 144 1212 δι
161 1160 267 1216 κοῶντα.

146 1177 324 1303 pLXXXIV.
347 1244 382 1303 Οἱ
396 1241 424 1302 δέ
437 1242 535 1305 Ῥόδιοι
550 1244 629 1327 μέχρι
641 1246 689 1325 μέν
702 1273 769 1319 τινος
780 1250 903 1331 πρέσόεις

85 1353 111 1393 m
124 1327 302 1405 δκπέμποντες
312 1329 398 1401 ἠξίουν
407 1331 488 1408 μηδὲν
495 1332 590 1413 πρᾶξαι
599 1334 669 1393 κατὰ
679 1341 725 1407 τῆς
734 1337 834 1407 πόλεως
841 1338 906 1410 αἰνή-

123 1439 228 1476 κεστον·
242 1421 277 1485 ῶς
290 1417 312 1476 δ’
326 1418 408 1484 addai<
425 1421 513 1487 αύτοῖς
531 1423 674 1502 προςεῖχεν,
689 1425 845 1504 ἀπογνόντες
857 1425 905 1495 τὰς

123 1502 265 1580 διαλύσεις,
278 1502 426 1586 ίξίπεμψαν
437 1506 597 1585 πρεσὸευτίις
608 1509 672 1590 πρὸς
684 1514 849 1592 Πτολεμαῖον
860 1514 906 1574 καί

123 1589 280 1670 Λυσίμαχον
291 1590 336 1649 καί
350 1590 531 1673 Κάσσανδρον,
543 1594 671 1665 ἀξιοῦντες
681 1600 794 1677 βοηθεῖν,
808 1603 844 1667 ῶς
855 1605 902 1672 τῆς

122 1678 223 1744 πόλεως
234 1678 450 1758 προπολεμούσης
462 1678 527 1762 ύπδρ
538 1684 633 1741 αὐτῶν.
677 1688 711 1762 (ν)
723 1689 786 1746 Τῶν
796 1688 818 1745 δ’
829 1689 857 1746 ἐν
869 1692 903 1768 τῇ

82 1785 110 1824 m
123 1763 199 1823 πόλει
209 1764 398 1825 κατοικούντων
407 1764 541 1848 παροίκων
550 1768 596 1827 καλ
605 1767 682 1838 ξένοιν
696 1771 781 1840 δύντες
787 1772 904 1842 ἐξουσίαν

122 1852 176 1918 τὐῖς
190 1849 355 1930 βουλομένοις
367 1853 601 1934 συναγωνίζεσθαι,
622 1857 681 1926 τοὺς
698 1860 804 1927 λοιποὺς
818 1862 902 1941 ἀχρή·

122 1960 198 2004 στους
213 1940 242 1996 ἔκ
255 1943 302 2010 τῆς
326 1938 426 2007 πόλεως
449 1939 607 2024 ἐξέπεμψαν,
631 1945 688 2023 ἅμα
711 1945 759 2024 μὲν
782 1952 829 2020 τῆς
850 1952 902 2007 τῶν

121 2024 272 2102 ἀναγκαίων
279 2025 376 2094 ἐνδείας
386 2027 582 2108 προνοηθέντες,
592 2028 649 2108 ἅμα
660 2031 687 2090 δὲ
695 2034 739 2092 καλ
747 2039 793 2093 τοῦ
800 2034 900 2111 μηδένα

121 2116 156 2191 τῇ
184 2111 346 2171 καταστάσει
371 2112 567 2192 δυςχεραίνυντα
593 2116 709 2195 γίνεσθαι
734 2125 781 2192 τ’ής
804 2120 904 2190 πόλεως

77 2197 261 2279 ωπροδότην.
302 2198 422 2280 Ἀριθμδν
445 2200 473 2259 δὲ
493 2203 666 2281 ποιησόμενοι
680 2208 732 2264 τῶν
754 2207 903 2285 δυναμένων

121 2285 306 2363 ἀγωνίζεσθαι,
331 2289 445 2346 πολιτῶν
469 2286 516 2365 μίν
535 2281 610 2371 εὗρον
626 2293 687 2371 περὶ
700 2293 902 2376 ίξακιςχιλίυυς,

119 2376 173 2433 τῶν
186 2371 215 2430 δὲ
231 2371 365 2451 παροίκων
379 2373 425 2433 καλ
439 2373 517 2443 ξένων
533 2379 570 2444 είς
581 2379 689 2458 χιλίους.
733 2384 764 2458 (ολ
789 2381 902 2463 Ἐψηρί-

119 2482 201 2531 σαντα
213 2458 241 2519 δὲ
255 2458 362 2519 καὶτῶν
375 2461 473 2521 δούλων
486 2462 546 2531 τούς
559 2464 657 2545 ἄνδρας
670 2467 782 2547 ἀγαθούς
792 2469 901 2547 γενομέ-

118 2569 179 2614 νους
192 2548 218 2605 δν
231 2550 284 2615 τοῖς
294 2548 419 2614 κινδύνοις
430 2550 689 2634 δγυροίσανταςπαρθ
701 2559 754 2615 τῶν
766 2557 900 2616 δεσποτῶν

76 2654 106 2693 ον
120 2635 270 2714 ίλευθεροῶν
284 2635 330 2693 καί
345 2635 453 2704 πολίτας
464 2628 546 2696 εἶναι·
560 2639 677 2721 ἔγραψαν
691 2641 719 2701 δὲ
732 2643 840 2702 καὶτῶν
854 2668 901 2704 τε·

121 2705 304 2791 λευτησαίντων
318 2724 345 2780 έν
358 2726 397 2802 τῷ
415 2722 524 2806 πολέμῳ
537 2725 570 2784 τὰ
592 2726 639 2804 μὲν
660 2728 772 2806 σώματα
788 2732 901 2813 δημοσίᾳ

117 2807 279 2881 θάπτεσθαι,
292 2806 352 2876 τούς
365 2809 393 2868 δέ
407 2819 489 2888 γονεῖς
505 2811 550 2871 καλ
564 2816 661 2882 παῖδας
678 2815 816 2897 τρίρεσθαι
829 2818 901 2896 λαμ-

121 2894 248 2962 diruta<
263 2895 311 2967 τήν
324 2897 452 2976 χορηγίαν
467 2898 579 2958 ἀπὸτοῦ
596 2907 683 2960 κοινοῦ
702 2903 836 2980 ταμιείου,
857 2905 902 2963 καί

119 2982 168 3050 τδις
182 2981 229 3059 μίν
240 2980 382 3064 παρθένους
397 2984 510 3066 δημοσία
522 2987 718 3069 προικίζεσθαι,
732 2989 792 3058 τοὺς
802 2992 824 3049 δ’
834 2991 902 3060 stol<

76 3080 108 3120 ³⁰
121 3071 149 3130 έν
162 3069 253 3150 ἡλικία
272 3068 424 3147 γενομένους
448 3076 475 3132 ἐν
495 3076 533 3154 τῷ
551 3075 651 3157 θεάτρῳ
672 3082 836 3158 στεφανῶσαι
849 3084 902 3147 τοῖς

121 3156 415 3239 Διονυσίοιςπανοπλίρ.
458 3159 901 3240 (Mididirodrooutxxnlaooipesoa

120 3242 167 3311 τὰς
175 3242 297 3303 ἁπάντων
304 3244 449 3326 προθυμίας
460 3249 495 3313 εἰς
506 3247 536 3306 τὸ
550 3246 608 3316 τούς
619 3248 750 3317 κινδύνους
761 3250 899 3328 ὑπομένειν

120 3324 516 3413 εύύύχωςρποιήσαντοκαίτῶν
522 3335 609 3394 ἄλλων
616 3336 664 3408 τὴν
670 3338 840 3417 ίνδεχυμένην
848 3364 902 3398 πα-

121 3416 259 3496 ρασκευήν.
277 3416 465 3493 Ὁμονοούντυς
475 3418 526 3500 γὰρ
537 3427 580 3480 τοῦ
596 3424 723 3494 πλήθους,
736 3427 760 3481 ot
768 3422 900 3501 μένεύπο·

77 3532 108 3571 u
122 3527 161 3586 ραι
175 3505 292 3584 χρήματ’
306 3503 441 3587 είςέρερον,
454 3511 478 3566 σί
496 3507 524 3567 δέ
536 3510 654 3589 τεχνῖται
676 3508 724 3577 τὰς
738 3513 822 3569 αὐτῶν
842 3516 899 3571 έπι-

121 3592 224 3671 ατήμας
249 3592 406 3673 παρείχοντο
419 3594 483 3675 πρὸς
496 3594 543 3666 τὴν
557 3601 610 3655 τῶν
623 3596 711 3656 ὅπλων
725 3599 899 3673 κατασκευήν,

121 3679 191 3747 ὄντας
197 3680 220 3740 δ’
229 3671 261 3752 ήν
268 3680 380 3762 ἐνεργός,
389 3686 423 3761 τῇ
432 3683 566 3765 φιλοτιμία
576 3682 636 3752 τοὺς
643 3685 737 3753 σίλλους
746 3688 900 3767 ὑπερθέσθαι

121 3768 253 3829 σπεύδων.
296 3770 327 3845 (ο)
348 3771 446 3850 Διόπερ
460 3772 483 3829 οί
499 3770 547 3848 μίν
561 3772 674 3851 έγίνυντο
690 3772 753 3855 περί
763 3773 823 3842 ταλς
834 3775 900 3845 ὀξυ-

121 3854 205 3920 dalei<
218 3854 264 3912 καῖ
276 3854 463 3936 πετροὸύλονς,
476 3860 501 3915 ot
513 3856 540 3916 δὲ
553 3858 613 3939 περὶ
626 3858 674 3930 τὴν
688 3863 740 3919 τῶν
751 3860 837 3920 ἄλλων
850 3888 899 3923 κα-

76 3970 108 4007 eu
120 3940 261 4014 τάσκευήν,
283 3940 349 4010 τινίς
369 3941 397 4001 dd
420 3941 453 4001 τδι
472 3944 639 4016 πεπονηκότα
653 3950 705 4006 τῶν
725 3953 820 4027 τειχῶν
839 3951 899 4010 έπε-

119 4027 389 4099 mediocritatem
403 4026 431 4087 δέ
457 4029 543 4099 λίθους
563 4031 627 4112 πρὸς
644 4033 677 4091 ad
691 4034 767 4114 τείχη
782 4035 901 4115 ρίροντες

118 4114 256 4196 ἐσώρευον.
296 4114 465 4197 Ἔξίπεμψαν
487 4116 515 4175 δὲ
530 4117 640 4178 καὶτῶν
658 4119 753 4201 αίριστα
765 4125 899 4184 πλεουσῶν

118 4205 186 4273 γεῶν
195 4205 263 4282 τρεῖς
275 4202 318 4260 ἐπὶ
329 4200 388 4269 τούς
396 4202 536 4279 πολεμίους
545 4204 590 4264 καλ
603 4204 662 4272 τοὺς
672 4209 900 4288 παρακομίζοντας

120 4290 209 4356 αύτοῖς
219 4287 314 4367 ἀγορδς
326 4289 463 4370 ἐμπόρους.
493 4292 525 4368 (a)
542 4276 627 4356 Αύται
641 4293 668 4353 δέ
677 4295 831 4375 παραδόξοις
847 4300 900 4357 ἐπι·

77 4404 106 4443 ,a
120 4384 242 4458 φανεῖσαι
256 4375 341 4434 πολλὰ
357 4376 405 4453 μέν
418 4379 498 4437 πλοῖα
516 4381 568 4437 τῶν
582 4379 625 4438 lai
639 4378 687 4451 τήν
704 4381 837 4461 προνομήν
854 4388 901 4455 τῆς

118 4463 210 4544 χῶρας
223 4463 350 4544 ῶρελείας
364 4464 441 4545 χάριν
454 4464 587 4525 πλεόντων
604 4467 725 4548 έμπόρων
744 4471 900 4529 κατεπόντι-

119 4572 182 4621 σαν,
191 4551 239 4608 υύκ
251 4550 327 4628 atq«
343 4552 370 4611 cl
385 4552 430 4610 καὶ
445 4553 509 4633 πρὸς
520 4554 564 4612 τὸν
586 4555 703 4633 αἰγιαλὸν
726 4561 900 4619 κατασπῶσαι

119 4618 295 4709 συνέκαυσαν,
305 4635 351 4696 καί
364 4640 416 4696 τῶν
430 4636 606 4718 αίχμαλιύτων
621 4641 656 4699 τδι
667 4642 798 4720 δυνάμενα
813 4645 900 4704 δοῦναι

119 4723 217 4804 λύτρον
231 4723 406 4803 παρεκόμιζον
423 4726 459 4792 είς
472 4725 521 4797 τήν
536 4729 622 4789 πόλιν.
664 4729 804 4790 Συνέθεντο
814 4730 865 4812 γὰρ
876 4736 900 4791 οἱ

78 4842 108 4878 ω
119 4809 222 4872 Ῥόδιοι
235 4811 299 4890 πρθς
309 4811 352 4872 riu
360 4813 521 4893 Δημήτριον,
534 4812 597 4881 ῶςτε
609 4815 733 4887 ἀλλήλοις
744 4817 841 4878 διδόναι
852 4819 901 4878 λύ-

119 4920 193 4977 τρον,
208 4896 342 4979 ἐλευθέρου
356 4899 404 4975 μίν
420 4900 507 4980 χιλίας
521 4902 656 4984 δραχμάς,
672 4903 764 4963 δούλου
787 4904 814 4965 δέ
836 4930 900 4966 πεν-

119 4983 256 5051 τακοσίας.

163 5073 304 5133 lxxiii.
321 5074 391 5152 lipia
401 5072 447 5141 τδις
458 5074 538 5142 θέσεις
548 5080 600 5135 τῶν
609 5076 726 5157 ύργοίνων
737 5078 765 5139 δὲ
779 5086 793 5140 d
806 5082 901 5159 Δημή·

121 5180 194 5241 τριος
205 5158 314 5238 ιίρθονον
333 5159 402 5240 έχων
415 5162 538 5222 ἁπάντων
551 5164 686 5244 χορηγίαν,
703 5166 799 5248 ήρζατο
818 5192 900 5229 κατα-

954 568 1080 623 arboribus
1091 576 1179 638 nudat,
1188 578 1299 644 villisque
1310 582 1453 649 destructis,
1463 595 1541 640 castra
1551 593 1606 644 iude
1617 609 1662 646 sua
1672 610 1736 649 oona·

953 658 1046 720 munit,
1056 660 1121 713 iussa
1136 667 1267 728 tergemina
1279 670 1394 736 vallisque
1413 674 1494 727 densis
1511 692 1540 728 ac
1554 683 1683 742 grandibus
1694 687 1737 738 iila

952 745 1194 807 complexandum
1210 754 1343 808 calamitate
1355 760 1460 812 bostium
1477 765 1665 821 incolumitatem
1684 775 1736 825 suis

953 840 1099 892 procuraret.
1133 837 1191 888 inde
1202 842 1276 891 totius
1293 848 1411 898 exercitus
1431 854 1600 920 navaliumque
1617 860 1735 911 sociorum

952 932 1039 982 opera,
1057 923 1175 988 quidquid
1192 927 1253 979 inter
1274 932 1358 985 urbem
1375 938 1400 986 et
1414 951 1556 992 exscensum
1579 950 1630 995 erat
1649 950 1735 1013 spatii,

952 1020 1038 1070 aggere
1054 1009 1118 1061 intra
1136 1026 1226 1075 mutos
1237 1016 1289 1069 dies
1303 1026 1449 1087 mnsterait,
1467 1033 1613 1095 portumque
1632 1036 1734 1087 naribos

952 1095 1059 1159 amplum
1075 1099 1134 1150 satis
1144 1101 1231 1153 reddit.

982 1273 1111 1325 mxxxiv.
1128 1278 1226 1328 Interim
1237 1279 1324 1332 Rhodii
1342 1284 1489 1338 missitandis
1506 1289 1604 1353 tegatis,
1620 1302 1728 1358 nequod

951 1372 1132 1440 irrecuperabile
1144 1380 1198 1430 urbi
1209 1380 1324 1433 damnum
1335 1384 1434 1449 inierat,
1446 1396 1584 1453 precantur.
1615 1395 1662 1447 Ubi
1674 1412 1732 1449 sero

952 1493 1034 1542 preces
1046 1495 1093 1532 nou
1109 1484 1187 1534 audii
1204 1487 1301 1549 rident,
1320 1488 1413 1553 abjecta
1432 1506 1475 1556 spe
1486 1500 1680 1565 compositionis,
1692 1517 1734 1567 par

950 1582 1038 1644 legatos
1048 1585 1078 1634 ad
1089 1587 1255 1652 Ptolemaeum,
1266 1593 1436 1654 Lysimachum
1446 1599 1734 1657 etcaesandmmmissos

950 1687 1039 1737 auxillo
1054 1690 1153 1753 potunt,
1172 1694 1237 1756 qood
1256 1701 1353 1759 pmpter
1364 1711 1406 1748 eos
1423 1700 1481 1752 urbs
1495 1701 1560 1753 bello
1577 1714 1734 1767 premeretur.

950 1786 984 1849 (ι)
1000 1789 1127 1852 inquilinis
1135 1798 1231 1857 autem,
1242 1798 1284 1860 qui
1296 1797 1388 1851 inurbe
1398 1803 1574 1869 consederant,
1584 1807 1733 1875 advenisque

948 1892 1092 1951 potestatem
1102 1893 1204 1957 iaciunt,
1215 1909 1307 1959 secum
1315 1901 1335 1950 si
1343 1901 1427 1964 νειιιιι,
1435 1918 1479 1968 pro
1488 1907 1717 1973 urbepmpnguandi
1723 1930 1731 1975 3

948 1994 973 2041 at
986 1995 1101 2058 reliquam
1116 1997 1225 2049 inutilem
1243 1983 1338 2052 turbam
1350 2016 1380 2055 ex
1390 2006 1479 2070 oppido
1494 2010 1619 2076 ablegant,
1631 2019 1682 2065 tum
1702 2021 1731 2067 nt

948 2095 1052 2159 inopiam
1066 2111 1145 2149 rerum
1157 2103 1345 2155 necessarinmro
1355 2116 1533 2177 pmcarerent,
1546 2116 1602 2166 tum
1621 2130 1653 2168 oe
1666 2121 1732 2182 quis·

947 2212 1021 2262 quam
1039 2204 1182 2264 presentem
1204 2205 1273 2256 urbis
1293 2209 1384 2271 statum
1396 2211 1498 2265 moleste
1513 2215 1608 2280 terens,
1623 2221 1732 2284 proditor

947 2305 1001 2367 eius
1012 2305 1088 2357 deret.
1122 2310 1182 2360 illoc
1193 2323 1291 2374 eorum,
1303 2315 1344 2378 qni
1355 2318 1431 2368 armis
1441 2322 1563 2382 gestandis
1578 2329 1675 2389 essent,
1691 2341 1729 2379 ra·

947 2409 1057 2460 censione
1069 2411 1138 2473 iacta,
1148 2413 1239 2464 civium
1250 2415 1279 2465 ad
1290 2430 1332 2468 aex
1340 2419 1424 2484 millia,
1436 2423 1608 2486 inquilinorum
1619 2432 1644 2479 et
1650 2429 1729 2495 hospi·

947 2515 999 2561 tum
1011 2512 1075 2564 mllio
1088 2514 1239 2567 invenerunt.
1273 2520 1468 2583 isliiebiscitum
1479 2541 1576 2592 quoque
1589 2530 1693 2595 iactum,
1703 2538 1732 2585 ιιι

946 2586 976 2666 de
985 2618 1075 2680 serris,
1084 2619 1126 2686 qui
1136 2619 1214 2670 bonos
1225 2634 1253 2672 se
1263 2624 1329 2674 viros
1340 2626 1365 2675 in
1374 2628 1488 2690 periculis
1500 2631 1681 2699 exhibuissent,
1693 2651 1730 2688 so·
1758 2682 1762 2692 .

947 2719 998 2769 iulo
1011 2721 1116 2772 dominis
1126 2725 1219 2787 pretio,
1232 2729 1467 2794 manumitterentur,
1485 2733 1557 2797 ioque
1573 2737 1662 2792 civium
1683 2754 1729 2790 nu·

946 2827 1110 2876 merocssent.
1143 2828 1323 2892 Pmmulgatum
1334 2831 1441 2896 imuper‚
1454 2847 1494 2899 sc,
1507 2840 1549 2901 qni
1563 2840 1589 2889 in
1607 2842 1671 2893 bello
1685 2858 1727 2908 op·

946 2926 1076 2990 petissent,
1094 2931 1218 2994 sepultura
1228 2933 1323 2996 publica
1333 2934 1515 2999 honestatums,
1529 2948 1690 3008 parentesque
1701 2961 1729 2999 aa

946 3027 1032 3080 libems
1043 3031 1118 3080 aerarii
1128 3033 1244 3095 impensis
1255 3036 1369 3097 alitsrros,
1381 3042 1406 3088 et
1418 3040 1550 3102 virginibus
1559 3044 1640 3098 dotem
1648 3061 1727 3112 eroga·

947 3138 1012 3183 turos
1028 3147 1058 3185 ex
1070 3134 1179 3199 publico,
1197 3136 1306 3201 illosque
1322 3139 1372 3200 jam
1387 3140 1483 3193 adultos
1499 3147 1687 3203 Bacchanalibus
1704 3155 1727 3204 iu

944 3232 1038 3281 tbeatm
1050 3232 1140 3295 integra
1150 3238 1271 3284 armatura
1280 3237 1442 3288 coronaturos.
1475 3241 1546 3292 llisoe
1562 3248 1728 3308 promissioni·

945 3327 991 3377 bus
998 3329 1105 3379 omnium
1114 3331 1200 3381 animis
1209 3331 1240 3381 ad
1250 3333 1354 3396 pericula
1364 3335 1456 3399 tortiter
1464 3337 1591 3391 subeunda
1600 3345 1726 3407 excitatis,

945 3426 971 3475 iu
980 3426 1126 3489 reilq'nomrn
1134 3428 1219 3487 etiam,
1228 3434 1254 3478 ul
1266 3434 1317 3478 tum
1330 3430 1378 3480 fieri
1389 3436 1728 3507 poterat,incombuutappa·

945 3528 1032 3573 ratum.
1074 3525 1108 3586 (l)
1121 3527 1203 3583 Quum
1214 3525 1278 3575 etaim
1287 3527 1407 3580 unanimis
1414 3534 1567 3597 essetpopuii
1576 3548 1724 3602 consensus,

944 3619 1068 3682 ροσυιιίοιιι
1080 3620 1234 3671 conterebant
1243 3621 1388 3686 locupletes,
1398 3630 1522 3691 artemque
1533 3643 1603 3682 auam
1610 3634 1640 3683 ad
1648 3648 1726 3686 armo-

943 3728 999 3764 rnm
1010 3714 1187 3766 inbrimtionem
1196 3717 1341 3770 exhibebant
1349 3720 1462 3785 opidoea,
1472 3737 1592 3791 nemoque
1603 3743 1650 3780 non
1660 3736 1726 3794 operi

943 3812 1027 3862 sedulo
1037 3804 1156 3875 intentus,
1167 3818 1193 3863 ut
1207 3815 1308 3866 alterum
1320 3820 1472 3872 contentione
1483 3830 1622 3887 superaret,
1635 3830 1726 3883 aecele·

944 3910 1019 3959 rabat.
1053 3911 1086 3973 (5)
1099 3909 1190 3960 idcirco
1201 3925 1257 3975 pars
1266 3915 1393 3977 catapultis
1403 3919 1428 3966 et
1441 3916 1554 3981 ballistis,
1569 3934 1624 3984 pars
1640 3928 1725 3976 celeris

943 4007 1015 4058 rebus
1023 4008 1167 4057 adornandis
1179 4022 1276 4072 operam
1287 4010 1358 4072 doro,
1369 4014 1478 4063 nonnulli
1489 4015 1588 4067 allectas
1601 4032 1724 4073 murorum

943 4104 1175 4168 parteslnstaurare;
1188 4105 1293 4168 plerique
1305 4107 1396 4170 lapides
1404 4109 1431 4158 in
1441 4112 1529 4160 mocula
1542 4117 1662 4175 portantes
1671 4129 1724 4167 ooo·

942 4214 1045 4252 cemore-
1078 4201 1223 4259 Quinetiam
1234 4203 1283 4251 tres
1294 4214 1367 4251 naues
1380 4203 1544 4256 velocissimos
1561 4207 1587 4256 in
1599 4208 1682 4259 trustes
1697 4215 1722 4261 et

943 4299 1102 4356 mercatores,
1122 4296 1164 4357 qui
1183 4301 1344 4351 commeatum
1364 4297 1412 4347 illis
1426 4301 1598 4363 apportabunt,
1614 4307 1723 4355 emiserat

943 4394 978 4455 (ο)
991 4395 1036 4443 lie
1050 4396 1147 4455 repente
1162 4391 1216 4440 ilios
1225 4404 1354 4454 aggressm
1363 4393 1440 4443 molta
1446 4400 1606 4445 nrercaloruar
1615 4399 1723 4461 navigia,

943 4490 985 4555 qui
998 4494 1067 4538 terroe
1087 4487 1253 4551 depredanda
1268 4489 1343 4550 gratu
1359 4496 1526 4553 excurrerant,
1545 4491 1723 4556 dernerserunt,

943 4597 1071 4649 nocpauoa
1081 4584 1112 4634 ad
1124 4583 1308 4634 iilusabstracta
1317 4590 1513 4647 concremarunt,
1525 4589 1600 4651 etqui
1609 4588 1640 4640 de
1649 4592 1724 4655 captis

943 4687 1081 4740 redimendo
1089 4685 1272 4745 seseessent‚in
1280 4687 1362 4737 urbem
1372 4686 1511 4749 perduxere.
1531 4692 1593 4739 curu
1602 4691 1723 4765 Deruetrlo

943 4789 1007 4839 endo
1020 4792 1163 4837 convenerat
1173 4786 1285 4847 ilbodiis,
1303 4791 1330 4835 ut
1346 4786 1498 4836 redemtionis
1508 4788 1569 4838 iuter
1580 4802 1606 4838 se
1620 4793 1723 4853 pretium

944 4888 1111 4943 numerarent,
1132 4895 1175 4946 pro
1195 4882 1270 4932 libero
1292 4884 1370 4946 capite
1389 4881 1516 4935 draebmas
1536 4885 1658 4947 millenas,
1679 4903 1723 4952 pro

944 4992 1014 5030 servo
1024 4979 1163 5042 quingenos.

976 5092 1091 5140 cxxxv.
1109 5093 1221 5140 ceterum
1233 5089 1288 5152 quia
1304 5102 1388 5152 magua
1403 5102 1481 5139 rerum
1492 5091 1601 5141 omnium
1612 5093 1680 5157 copta
1691 5100 1721 5146 ad

945 5177 1071 5229 struendas
1087 5177 1208 5227 maritima
1222 5176 1338 5240 praeditos
1353 5181 1404 5226 mat
1423 5178 1572 5239 muudus,
1590 5182 1722 5233 testudinea

1581 5278 1615 5318 aa.
