4026 5904
513 467 706 542 RELIQUIAE
725 468 831 529 trent
850 468 992 542 xxviii,
1019 479 1114 543 ii,t.‘›,
1136 471 1245 550 xxix,
1271 483 1349 532 i·-‹i.
1677 487 1733 537 itt

139 595 915 682 ’ΔντίσροςπεριεργάζηταίτιτῶνκατδτὴνΕὗροίττην,“Ρω·
933 604 939 641 t
959 611 1055 668 rerunt,
1066 611 1200 669 Romanos,
1211 609 1734 674 atquidaniincbusinilnmpannrimoiirc·
1815 615 1822 628 ·

138 696 212 762 μαῐοι
226 686 293 764 μετά
301 687 401 757 πολλῆς
413 688 527 756 σπουδῆς
538 684 597 752 τοὺς
610 685 678 744 κατά
689 686 737 757 τὴν
750 686 836 745 Ἀσίαν
849 684 916 746 ‘'ilt-
959 698 1007 755 tur,
1012 708 1109 758 operam
1116 695 1222 745 studiose
1227 696 1334 757 daturus,
1342 702 1368 747 ut
1375 699 1452 748 (ἔπεσι
1459 698 1594 748 numinIsin
1603 699 1736 750 bainurbes

137 778 219 845 ληνας
235 771 457 853 ἐλιυθεριίνσουσιν.
505 772 761 849 Ἐπισημηναμένων
779 773 807 832 δέ
820 777 871 831 τῶν
887 775 917 830 ἐκ
959 780 1040 830 liberm
1049 784 1139 832 essent.
1151 785 1212 840 Quae
1221 783 1279 832 dum
1289 785 1338 834 laeti
1351 785 1386 835 iiii
1397 785 1498 836 audiunt
1509 792 1534 836 et
1545 787 1658 849 probant,
1667 787 1735 836 mIssi

139 865 185 933 ιη”ς
194 861 322 926 Ἑλλάδος
332 859 507 940 πρεσύευτῶν,
519 860 542 916 οἱ
549 859 621 939 παρά
633 865 678 919 τοῦ
693 859 819 939 βασιλέως
830 860 916 931 ἠξίουν
959 866 990 916 ab
1007 870 1123 919 Antiocho
1141 875 1250 921 senatum
1262 877 1371 935 monent,
1389 886 1420 923 ne
1440 873 1577 923 iestInment
1588 873 1714 923 decernere
1727 889 1735 922 t

139 971 167 1006 τε
188 946 236 1017 τὴν
257 946 402 1024 σύγκλητον
417 948 591 1023 ἐνθυμηθῆναι
607 944 705 1016 ἡλίκων
727 945 855 1027 ἑκατέροις
869 970 916 1004 κα·
959 955 1136 1007 considerarent
1143 958 1234 1019 nodus,
1246 960 1298 1008 brec
1310 960 1418 1023 utrisque
1427 960 1556 1022 lugentium
1566 961 1682 1011 bellom
1694 960 1737 1010 ini·

139 1036 267 1116 τάρχεται
281 1032 405 1094 κινδύνων
425 1032 471 1092 καὶ
485 1031 566 1110 μηδὲν
585 1033 685 1112 ταχέως
702 1032 835 1112 πράττειν,
849 1032 916 1091 ἀλλά
960 1041 994 1090 tta
1011 1042 1074 1102 lure,
1087 1048 1181 1108 tompus
1193 1047 1218 1095 et
1229 1046 1277 1107 regi
1288 1045 1319 1096 ad
1336 1048 1487 1110 cogitandum
1497 1047 1581 1099 darent
1595 1048 1675 1112 atipat
1686 1060 1737 1098 rem

138 1127 177 1203 τῷ
189 1123 292 1201 βασιλεῖ
301 1123 389 1180 δοῦναι
398 1120 490 1199 χρόνον
502 1123 537 1186 εἷς
550 1119 656 1198 βουλήν,
669 1119 716 1180 καὶ
729 1120 811 1192 αὐτὴν
825 1124 916 1199 ἐπιμε·
960 1130 1094 1179 accuratius
1106 1132 1286 1195 perpenderent.

141 1209 259 1289 λέστερον
273 1207 333 1288 περὶ
346 1206 443 1267 τούτων
456 1206 632 1286 βουλεύεσθαι.

441 1351 616 1378 ...ωο-
1259 1334 1433 1361 -οκοο-

252 1441 331 1500 ΤΗΣ
352 1441 507 1500 ΕΝΑΤΗΣ
530 1441 594 1498 ΚΑΙ
614 1440 809 1498 ΕΙΚΟΣΤΗΣ

382 1531 433 1588 ΤΑ
455 1528 675 1588 autumans.

179 1651 204 1709 l.
227 1648 307 1724 (Eric.
322 1649 358 1706 (Ie
371 1647 511 1706 virtuter
523 1651 575 1705 vit.
590 1664 619 1721 p.
633 1656 700 1719 574,
716 1648 793 1721 575.)
806 1644 871 1707 Ὅτι
888 1658 918 1705 τό
993 1659 1013 1705 I.
1029 1658 1155 1721 Templum
1173 1662 1268 1709 estnon
1284 1662 1407 1723 proculab
1424 1662 1512 1725 oppido
1529 1662 1654 1725 chalcide,
1674 1667 1738 1729 quod

141 1736 238 1806 Δήλιον
250 1734 319 1813 ἱερὸν
333 1725 365 1805 ἧν
378 1736 406 1792 οὗ
423 1732 525 1814 μακράν
540 1730 638 1810 ἀπέχον
650 1737 696 1802 τῆς
708 1733 846 1799 Χαλκίδος.
859 1733 918 1793 Διό·
962 1743 1055 1792 Delium
1071 1746 1211 1807 appellatur.
1230 1748 1278 1808 (ibi
1290 1750 1388 1798 milites
1402 1750 1599 1813 aliqunmmnlti
1615 1764 1648 1801 cx
1663 1755 1739 1803 sociis

141 1846 191 1904 περ
215 1826 230 1880 δ
258 1820 379 1896 βασιλεὺς
405 1819 456 1878 ὑπὸ
480 1823 532 1878 τῶν
554 1818 687 1890 Ἑλλήνων
712 1819 918 1901 ἐύλασρημεῖτο,
959 1831 1051 1892 popuii
1066 1836 1174 1882 llonnani
1192 1834 1293 1883 uisendi
1308 1839 1399 1896 cratia
1412 1849 1501 1887 secure
1518 1841 1656 1899 vacantes,
1677 1852 1738 1889 non·

141 1909 189 1981 τὴν
207 1908 292 1988 ἀρχὴν
310 1913 354 1966 τοῦ
373 1907 437 1988 πρὸς
450 1905 598 1983 Ῥωμαίους
617 1907 733 1983 πολέμου
746 1906 920 1984 πεποιημένος
963 1917 1025 1966 dum
1034 1918 1133 1969 indicto
1145 1920 1222 1977 bello,
1236 1922 1269 1971 ob
1279 1923 1395 1972 Antiochi
1406 1925 1615 1975 exercitamento
1624 1930 1738 1989 oppressi

143 1994 311 2064 ἐξάσεύείας.
337 1985 379 2053 Ού
391 1992 611 2066 συντελεσθέντος,
626 1993 774 2070 Φλαμίνιος
787 1994 847 2074 περὶ
862 1994 917 2054 Κό-
962 2006 1048 2065 moni.)
1061 2009 1139 2065 Quam
1149 2022 1199 2057 rem
1209 2009 1285 2058 Graeci
1297 2010 1356 2059 vitlc
1367 2012 1490 2061 vertebant
1499 2012 1608 2075 regi‚qui
1618 2014 1673 2063 beili
1684 2027 1740 2063 cum

145 2089 226 2162 ρινθον
241 2080 381 2161 διατρίόων
395 2078 594 2160 ἐπεμαρτύρατο
610 2080 709 2147 πάντας
723 2079 872 2161 ἀνθρώπους
890 2106 918 2140 τε
962 2093 1074 2142 Romanis
1096 2094 1190 2156 gerendi
1212 2096 1306 2144 initium
1332 2097 1363 2146 ab
1386 2099 1474 2148 seelera
1496 2099 1597 2150 lecisset.
1639 2102 1740 2152 Proinde

142 2171 187 2228 καί
202 2168 272 2236 θεοὺς
292 2168 335 2226 ἐπί
353 2171 390 2248 τῷ
409 2171 608 2246 προκατῆρχθαι
620 2172 665 2225 τοῦ
679 2167 795 2245 πολέμου
809 2168 852 2226 τὸν
868 2173 918 2247 βα·
963 2178 1104 2240 Flaminius,
1115 2181 1155 2244 qui
1165 2182 1227 2230 circa
1236 2183 1376 2233 corintirum
1385 2191 1444 2246 erat,
1454 2185 1513 2235 deos
1522 2187 1676 2251 hominesque
1685 2203 1740 2238 oon·

143 2255 228 2316 σιλέα.
963 2269 1117 2326 testatusest,
1129 2271 1407 2333 causamacprincipium
1418 2272 1560 2335 beltircgem
1569 2276 1739 2326 commovisse.

182 2345 219 2403 li.
238 2339 303 2403 Ὅτι
317 2339 447 2419 Ἀντίοχος
465 2341 491 2398 ἐν
505 2340 672 2421 Δημητριάδι
689 2339 737 2411 τλν
748 2364 918 2422 παραχειμα-
993 2356 1024 2402 ii.
1034 2354 1166 2404 Antiochus
1175 2369 1249 2418 quum
1255 2358 1404 2409 Demetriade
1411 2360 1740 2423 hibernaretidlcidcbebot:

143 2428 202 2486 σίαν
217 2426 384 2503 ποιούμενος,
397 2425 443 2484 καλ
457 2425 539 2485 πλείω
554 2431 605 2485 τῶν
618 2427 779 2497 πεντήκοντα
793 2430 857 2487 ἐτῶν
874 2433 919 2507 βε·
963 2442 1485 2509 aDemetriadecbaicidemprotectuseaset,
1495 2449 1575 2512 ibique
1586 2449 1740 2512 hibernaret),

144 2514 258 2585 διωκώς,
270 2518 316 2584 τῆς
323 2513 370 2589 μὲν
378 2512 438 2592 περὶ
444 2512 488 2571 τόν
494 2512 608 2589 πόλεμον
617 2514 919 2594 παρασκευῆςήμίλησε,
964 2529 1053 2578 omissa
1070 2535 1197 2593 apparatus
1214 2531 1292 2582 bellici
1306 2546 1377 2594 cura,
1393 2535 1480 2596 puellm
1493 2535 1617 2596 cujusdam
1630 2539 1741 2587 turmosm

139 2602 271 2683 Ιπαρθένου
287 2599 315 2659 δὲ
334 2601 477 2679 εὐπρεποῦς
492 2599 606 2680 ἐρασθείς
626 2600 737 2673 ἐκάθητο
749 2600 809 2668 τούς
825 2601 921 2674 ταύτης
963 2630 1045 2666 arnone
1056 2620 1153 2680 captus,
1171 2619 1266 2681 nuptias
1282 2620 1400 2670 celebrere
1412 2622 1528 2685 instituIt,
1540 2623 1591 2686 Ipse
1602 2624 1656 2687 pins
1669 2639 1741 2687 quam

144 2692 269 2748 ἐπιτελῶν
287 2687 386 2766 γάμους
406 2687 451 2745 καὶ
470 2688 627 2767 πανηγύρεις
643 2687 766 2769 λαμπρὰς
779 2688 919 2769 συνήγαγε.
964 2705 1134 2766 quinquaginta
1141 2709 1309 2768 anncsnatus,
1322 2707 1439 2771 ludosque
1450 2711 1586 2771 magnificus
1596 2711 1665 2762 edere
1676 2726 1682 2760 ι
1693 2727 1742 2775 qno

143 2780 236 2837 Ταῦτα
250 2773 278 2833 δέ
292 2774 414 2854 πράττων
428 2776 458 2832 ού
477 2772 555 2850 μόνον
567 2777 660 2832 ἑαυτοῦ
672 2773 702 2833 τδ
719 2777 796 2851 σῶμα
814 2776 860 2835 καί
873 2776 920 2849 τὴν
964 2791 1027 2841 lacto
1044 2806 1092 2841 nun
1110 2791 1188 2842 sulum
1205 2795 1312 2856 corporis
1327 2796 1448 2859 animique
1465 2799 1503 2847 sni
1521 2798 1633 2848 virtutem
1647 2801 1742 2861 penitus

143 2862 230 2945 ψυχὴν
245 2861 395 2940 διέφθειρεν,
412 2860 481 2919 ἀλλά
500 2861 545 2920 καί
558 2860 606 2928 τὰς
622 2865 674 2920 τῶν
693 2862 826 2938 δυνάμεων
839 2864 921 2945 ὁρμὰς
964 2878 1066 2939 infregit,
1079 2879 1321 2931 sedetiamcxercitus
1330 2882 1445 2945 impetum
1452 2888 1524 2947 atque
1533 2885 1742 2936 ardorcmminuit.

143 2951 259 3020 ἐξέλυσε,
271 2947 314 3006 καί
328 2950 352 3006 cI
361 2951 517 3028 στρατιῶται
527 2948 569 3006 τόν
581 2951 699 3028 χειμῶνα
708 2950 922 3031 κατατετριρότες
965 2965 1155 3028 ltaquemilites,
1165 2967 1205 3029 qui
1217 2968 1242 3016 in
1252 2968 1311 3016 lusu
1320 2981 1349 3016 ac
1357 2968 1447 3019 deIIciis
1458 2970 1562 3019 biennem
1571 2972 1740 3034 traduxerant,

144 3041 170 3096 ἐν
184 3035 270 3094 ἀνέσει
283 3033 328 3092 καλ
345 3037 443 3114 τρυρῇ,
457 3037 544 3099 κακῶς
558 3033 723 3105 ἀπήλλαττον
738 3036 764 3091 ἐν
778 3044 836 3103 ταῖς
855 3041 920 3095 ἀπο·
964 3057 1092 3114 postquam
1109 3066 1139 3102 en
1158 3053 1264 3103 bibernis
1279 3054 1358 3104 educti
1372 3059 1442 3116 sunt,
1458 3069 1535 3118 aeque
1548 3057 1648 3119 tamem,
1664 3072 1742 3122 neque

145 3125 224 3205 ρίαις,
240 3121 299 3181 οὔτε
315 3120 391 3200 δίψαν
405 3121 463 3179 οὔτε
482 3121 565 3192 ἄλλην
587 3121 763 3179 κακοπάθειαν
776 3121 861 3203 ρέρειν
876 3125 920 3182 δυ·
965 3139 1038 3201 sitim,
1046 3152 1123 3201 neqrte
1134 3140 1204 3189 aliam
1216 3140 1354 3201 huiusmodi
1370 3142 1603 3194 difficultatemlerre
1618 3149 1741 3207 poteram

144 3211 259 3286 νάμενοι.
274 3208 372 3288 Διόπερ
386 3209 471 3265 αὐτῶν
488 3209 512 3265 οἱ
527 3205 574 3283 μέν
589 3209 624 3272 είς
637 3206 725 3272 νόσους
736 3207 881 3280 ἐνέπιπτον,
897 3214 921 3270 οἱ
965 3224 1007 3276 sed
1025 3227 1111 3289 partim
1129 3227 1153 3276 ln
1165 3227 1262 3276 morbos
1278 3227 1425 3290 incidebant,
1439 3230 1526 3292 partim
1543 3231 1654 3295 perulas
1667 3234 1742 3284 relicti

144 3297 172 3356 δέ
185 3299 211 3356 ἐν
229 3299 287 3361 ταῖς
300 3296 366 3360 ὁδοῖς
380 3293 578 3371 ὑπολειπόμενοι
591 3291 657 3351 πολδ
678 3297 729 3352 τῶν
748 3293 845 3362 τάξεων
857 3299 922 3356 άπε-
965 3314 1046 3376 procui
1056 3325 1071 3361 e
1080 3312 1153 3376 signis
1161 3314 1365 3365 absmhebantur.

144 3405 258 3442 σπωντο.

184 3472 239 3531 ill.
259 3468 324 3529 Ὀτι
335 3467 464 3546 Ἀντίοχος
475 3471 489 3526 θ
500 3465 619 3544 βασιλεὺς
628 3464 675 3534 τὰς
686 3469 713 3526 ἐν
727 3468 861 3551 Θετταλίᾳ
875 3470 921 3530 πά·
996 3479 1041 3527 lil.
1058 3476 1334 3540 Antiochusren‚qnum
1346 3476 1418 3528 nrbes
1426 3479 1556 3530 Tbesaallre
1567 3480 1597 3530 ad
1608 3485 1688 3544 partes
1700 3485 1743 3532 iio

143 3558 197 3624 λιις
209 3554 399 3632 πυνθανόμενος
409 3554 472 3634 πρὸς
483 3553 632 3630 Ῥωμαίους
649 3559 858 3630 μετατεθεῖσθαι,
876 3556 923 3625 τάς
966 3576 1091 3612 manorum
1103 3563 1204 3613 transire
1214 3567 1336 3624 cerneret,
1347 3569 1371 3613 et
1380 3565 1473 3627 copias,
1484 3579 1545 3628 ques
1554 3579 1583 3616 ex
1594 3568 1650 3618 asia
1661 3581 1743 3632 caspe·

145 3641 173 3700 δέ
195 3645 282 3712 tara:
295 3640 381 3706 ’λείας
394 3641 515 3716 δυνάμεις
528 3638 684 3717 θστερούσας
701 3640 818 3708 καὶτοὺς
833 3645 922 3702 Atreo-
966 3649 1159 3711 ctebat,moram
1179 3652 1285 3711 trabere,
1305 3652 1419 3713 praeterea
1438 3651 1529 3701 AEtotns
1547 3653 1643 3716 sennim
1659 3667 1742 3716 agere,

145 3727 204 3796 λαδς
217 3729 431 3804 καταμελοῦντας
452 3726 498 3785 καλ
511 3724 652 3808 προράσεις
668 3726 709 3784 ἀεὶ
728 3728 922 3808 ποριζομένους,
966 3742 1038 3800 atquc
1049 3737 1074 3786 in
1084 3737 1136 3787 dies
1147 3751 1232 3787 causas
1241 3738 1300 3787 allas
1308 3752 1339 3789 ex
1349 3737 1402 3788 aliis
1413 3742 1557 3802 praetexere,
1569 3753 1653 3803 magna
1663 3742 1687 3791 in
1698 3741 1743 3791 dil·

145 3820 172 3876 ἐν
184 3815 285 3896 ἀγωνίᾳ
297 3816 382 3893 πολλῇ
396 3812 570 3884 καθειστήκει.
584 3813 631 3872 Διὸ
643 3813 688 3872 καὶ
700 3813 759 3882 τοὺς
778 3807 923 3889 πεποιηκύ-
966 3824 1073 3874 licuitaic
1084 3824 1231 3875 versabatur.
1245 3825 1348 3876 Proinde
1358 3825 1407 3885 cis,
1416 3826 1458 3888 qni
1467 3826 1513 3876 sibi
1524 3831 1642 3890 imparato
1650 3841 1678 3877 ac
1687 3828 1743 3878 soils

145 3926 192 3969 τας
206 3901 283 3960 αύτδν
293 3899 477 3979 ἀπαράσκευον
491 3899 553 3958 όντα
562 3899 608 3958 καὶ
616 3899 757 3966 πείσαντας
763 3901 806 3959 ἐπὶ
815 3902 863 3974 τὴν
871 3909 923 3963 τῶν
967 3911 1101 3961 ditoimum
1111 3912 1208 3962 auxiliis
1219 3912 1339 3962 succincto
1351 3912 1406 3962 belii
1416 3913 1562 3976 suscipiendi
1576 3917 1686 3965 auctores
1695 3916 1743 3964 lue·

146 3991 273 4048 Αἰτωλῶν
287 3987 442 4066 συμμαχίαν
455 3986 499 4045 τόν
512 3987 625 4063 πόλεμον
647 3986 817 4046 ἐπανελέσθαι
831 3991 863 4048 δι’
877 3994 923 4072 δρ-
967 4003 1034 4059 rant,
1050 4012 1098 4048 nnn
1109 3999 1260 4049 mediocriter
1270 3999 1433 4049 succensebat.
1446 4001 1603 4050 Hannibalem
1617 4015 1686 4063 vero,
1701 4002 1743 4065 qui

145 4080 193 4151 γῆς
208 4066 275 4153 εἶχε·
289 4073 333 4131 τδν
348 4073 375 4131 δὲ
394 4072 511 4132 ’anteat
525 4072 572 4144 τὴν
586 4073 703 4131 ἐναντίαν
718 4074 824 4151 γνώμην
839 4079 923 4157 ἐσρη-
967 4083 991 4132 in
1003 4084 1048 4134 alia
1061 4085 1178 4134 sententia
1195 4085 1285 4146 iuerat,
1298 4090 1349 4135 tum
1367 4086 1472 4136 maxima
1488 4086 1645 4137 admiratione
1664 4101 1743 4150 prose·

145 4160 212 4219 κότα
228 4159 288 4218 τότε
301 4158 431 4237 ἐθαύμαζε
444 4159 490 4218 καὶ
503 4158 551 4225 τδς
563 4158 669 4226 ἐλπίδας
688 4150 758 4238 ε’ίχεν
777 4165 803 4220 ἐν
827 4162 923 4244 τούτῳ,
967 4171 1092 4233 quebatur,
1103 4175 1248 4234 cunctasque
1258 4172 1283 4220 in
1294 4184 1323 4220 οο
1334 4184 1390 4234 spes
1401 4185 1457 4222 suaa
1465 4172 1609 4234 collocabam
1620 4186 1744 4235 quumque

147 4247 192 4307 τόν
205 4272 232 4307 τε
247 4248 299 4328 πρδ
312 4247 404 4307 τούτου
416 4247 508 4329 χρόνον
524 4246 645 4313 ὑπόπτως
657 4246 722 4327 πρὸς
734 4247 811 4306 αύτδν
826 4250 923 4308 διακεί·
967 4263 1037 4308 antea
1047 4257 1114 4307 iilum
1130 4265 1270 4319 suspectum
1281 4257 1418 4320 habuisset,
1436 4263 1493 4308 tunc
1503 4260 1618 4322 temporis
1629 4260 1743 4309 tidbsimu

147 4358 235 4407 μενος,
249 4334 308 4393 τότε
323 4334 478 4393 πιστότατον
494 4333 570 4391 αὐτὸν
588 4325 642 4413 εἶχε
661 4334 734 4414 ρίλον
747 4335 793 4393 καί
807 4336 859 4394 ἀπδ
877 4342 924 4410 τῆς
967 4344 1044 4394 amico
1054 4349 1078 4394 et
1088 4344 1243 4394 consilinmm
1254 4344 1362 4394 omnium
1373 4345 1438 4395 socio
1448 4346 1566 4396 utebatur.

147 4420 238 4480 τούτου
251 4420 356 4500 γνώμης
367 4420 452 4479 πάντα
467 4419 588 4499 ίπραττε.

186 4510 235 4568 lv.
257 4510 333 4583 (Ele.
348 4510 443 4586 tegat
455 4527 483 4584 p.
498 4509 577 4585 620.)
591 4505 654 4567 Ὅτι
666 4515 720 4575 τοῖς
734 4510 860 4576 Αἰτωλοῖς
872 4511 925 4569 δια·
998 4519 1040 4566 lv.
1057 4514 1154 4574 AEtotis,
1165 4514 1206 4578 qui
1222 4513 1351 4564 amicitiam
1363 4526 1494 4578 pacemque
1504 4514 1606 4577 petitum
1615 4519 1742 4574 venerant,

147 4594 384 4675 πίωὸωωίώοκ
390 4594 450 4674 περὶ
460 4594 804 4672 διαλύσεωνέδοίμᾶτωενῆ
814 4596 925 4675 “II'III‘
967 4633 1023 4683 dute
1032 4630 1179 4683 conditiones
1187 4630 1218 4680 ab
1229 4632 1312 4680 uenatu
1325 4628 1380 4679 latae
1388 4632 1445 4679 sunt
1455 4643 1461 4677 :
1472 4629 1510 4679 rel
1519 4628 1631 4679 Romanis
1642 4629 1743 4680 liberum

146 4705 188 4750 τος
207 4681 273 4753 ἢτά
296 4682 354 4741 καθ’
371 4682 478 4749 ἑαυτοὺς
495 4681 641 4762 ἐπιτρέπειν
657 4681 829 4759 Ῥωμαίοιςῆ
850 4683 924 4762 Ιχίλια
999 4732 1003 4737 .

147 4768 264 4829 τάλαντα
279 4768 400 4850 ἀργυρίου
412 4770 500 4828 δοῦναι
512 4772 677 4848 παραχρῆμα
692 4768 842 4846 Ῥωμαίοις.
851 4750 887 4831 (II
897 4768 923 4828 δέ
968 4751 1093 4802 “bimum
1105 4749 1136 4800 ‘¹⁶
1152 4762 1179 4799 ⁸⁰
1198 4747 1376 4811 permi‘tmnt‘
1390 4747 1428 4797 '⁰¹
1439 4747 1504 4798 ΜΗΘ
1519 4747 1635 4798 mmmm
1652 4752 1743 4812 ψη

147 4855 190 4913 διὰ
209 4855 258 4926 siv
277 4855 423 4931 ἀποτομίαν
444 4860 491 4927 τῆς
506 4854 666 4934 ἀποκρίσεως
686 4857 715 4913 οὗ
728 4853 925 4935 concicilium
968 4868 1147 4919 ιιιιιωωιωι
1159 4863 1643 4928 nurcoobtmpettsaevtuamtmpcnta
1650 4865 1745 4915 aunan·

146 4941 180 5000 τά
193 4942 418 5022 προςταττόμτνα,
432 4944 467 5009 είς
479 4941 572 5023 ρόύους
591 4942 636 5000 καλ
654 4942 783 5020 μεγάλους
796 4941 925 5010 κινδύνους

147 5028 281 5088 ἀνέπεσον·
311 5029 531 5107 συνηγωνισμένοι
552 5033 589 5110 τῷ
614 5030 717 5108 βασιλεῖ
741 5029 924 5103 ἐκτενέστατα,

945 1512 950 1520 ·
1021 1472 1125 1533 LIBRI
1145 1476 1448 1541 UNDETRICESIMI
1468 1481 1677 1554 RELIQUIAE.

969 4986 1092 5036 mittentes
1097 5020 1105 5046 ,
1119 4985 1243 5035 tumetum
1256 4995 1389 5044 tuagnaque
1398 4982 1501 5045 pericula
1508 4981 1624 5044 incidere,
1633 4997 1661 5033 ac
1669 4997 1744 5047 quum

147 5118 183 5182 είς
204 5116 315 5196 ἀπορίαν
336 5113 481 5189 ἐνέπιπτον,
495 5116 617 5194 οὐδεμίαν
631 5115 739 5175 ἐκόασιν
754 5117 855 5198 ἔχοντες
873 5120 925 5176 τῶν
969 5116 1049 5165 '⁰⁸²⁰‘
1068 5102 1230 5152 Inmfiffiim
1241 5101 1322 5152 ⁸t⁰di⁰
1340 5101 1506 5164 “diumoem’
1522 5102 1552 5152 Μ
1568 5106 1645 5153 ”⁰²³⁸
1657 5103 1744 5155 Μ

147 5205 245 5263 κακῶν.
969 5226 1025 5271 sunt
1035 5222 1158 5284 angustias
1165 5257 1173 5284 ,
1183 5223 1211 5272 ut
1221 5220 1314 5271 nulium
1324 5218 1439 5271 baberent
1450 5220 1543 5272 exlium
1556 5222 1684 5273 maiorum.
