3994 5924
837 405 1017 467 saltumn.

347 595 394 641 tur.
406 594 488 653 Pugxsa
494 595 659 644 commissaad
671 598 809 647 Granicum.

314 662 368 709 XX.
380 688 412 700 -
424 661 552 711 Alexandri
561 676 616 713 cnm
627 665 778 726 Spiibrobato
788 672 908 720 munseo

345 730 472 790 singulare.

315 801 379 848 xxi.
389 827 421 840 «-
430 800 562 851 Interfectis
573 802 656 853 multis
665 804 820 857 nobilissimis
829 811 907 859 Persis

344 869 478 919 Alexander
484 871 572 920 eradit.
579 873 666 922 Proelio
674 875 732 925 ricii
744 880 821 927 Perse
828 879 907 943 iugum

344 940 481 999 capessunt.
494 939 563 989 Ultra
574 953 672 992 umreus
685 943 818 996 Alexander
829 947 854 996 in
865 950 908 1011 Ly·

345 1005 409 1055 dum
420 1007 509 1069 sardes
513 1009 585 1070 capit.

312 1077 389 1125 xliii.
399 1103 430 1115 -
441 1079 522 1133 Quum
532 1081 612 1128 Persa
618 1079 726 1130 Miletum
734 1082 907 1145 maingiasent,

344 1143 478 1194 Alexander
490 1146 575 1196 urbem
590 1149 729 1210 &asumma
747 1154 907 1215 opugnatlone

343 1212 373 1261 ad
383 1213 526 1264 deditionem
536 1217 608 1278 cogit

314 1284 403 1332 llxlll.
418 1284 548 1335 -Classe
567 1287 646 1337 deleta
664 1289 715 1339 suis
731 1303 826 1341 omnem
845 1292 907 1355 iuga

344 1366 413 1415 spem
422 1354 507 1403 adimit
516 1357 656 1407 Alexander.
673 1361 751 1410 Persea
760 1362 906 1412 Halicarnas-

344 1434 399 1471 sum
407 1436 434 1473 se
444 1424 561 1487 recipiunt
569 1441 575 1473 :
584 1430 694 1477 Memnon
701 1443 801 1480 uxorem
811 1435 836 1481 et
846 1432 906 1481 libe·

343 1503 383 1538 ms
394 1491 498 1554 pignoris
510 1493 562 1543 ioco
571 1494 601 1543 ad
612 1497 711 1546 Darium
723 1499 805 1549 mittit.

311 1560 397 1609 lllllv.
409 1561 582 1613 —Alexander
593 1567 731 1616 Grmccrum
740 1569 765 1616 in
778 1569 835 1620 Asia
844 1569 905 1619 ami·

340 1629 397 1679 cilia
406 1629 481 1680 fretus
491 1632 684 1685 Halicarnassum
694 1641 825 1700 oppugnat.

310 1700 385 1747 xliv.
397 1727 429 1739 -
438 1701 598 1752 Atrocissimre
605 1704 667 1754 iuter
675 1705 813 1758 obsidentes
820 1707 903 1758 ubees·

303 1827 305 1832 Ι
341 1778 429 1830 sosque
440 1769 657 1823 italicumassenses
666 1788 760 1837 pugnae.

308 1837 394 1887 xxvi
407 1866 439 1879 -
450 1840 605 1902 Macedones,
621 1843 684 1893 iacta
701 1857 732 1894 ex
742 1845 802 1895 urbe
813 1858 901 1896 excur-

341 1905 423 1967 sione,
433 1907 559 1970 aliquoties
570 1911 642 1972 pulsi.

309 1977 409 2024 Alivii.
417 2005 449 2018 -
456 1978 599 2030 Macedones
609 1983 714 2032 veterani
723 1984 853 2035 subeuntes
861 1999 903 2047 pu·

340 2057 411 2105 quam
421 2058 468 2095 una
483 2058 538 2096 eum
551 2049 610 2099 iusis
624 2051 736 2101 hostibus
752 2053 777 2103 in
795 2055 902 2103 Halicar-

341 2110 439 2163 nassum
449 2115 533 2166 urbam
543 2116 644 2170 irruunt.
654 2123 709 2178 Quo
720 2122 782 2173 iacto
790 2127 902 2174 Memnon

340 2182 424 2232 relicta
433 2183 492 2234 urbe
500 2198 556 2235 cum
567 2189 619 2238 suis
633 2190 657 2239 in
671 2191 772 2241 insulam
790 2195 842 2243 tion
856 2198 902 2243 ira·

337 2249 402 2312 iiiiii,
413 2253 608 2308 Alexauderurbe
614 2260 727 2322 omnique
734 2261 764 2311 ad
773 2275 838 2313 mare
847 2262 903 2314 Asia

337 2320 437 2381 potitur.

307 2389 417 2441 xlivlll.
430 2418 461 2427 -
472 2392 499 2441 in
511 2393 582 2456 Lycia
594 2397 767 2448 Marmarenses
783 2399 901 2449 obstimto

337 2458 418 2508 auimo
433 2460 568 2512 Alexandm
584 2477 611 2515 se
622 2464 708 2516 dedere
725 2469 848 2530 recusant,
867 2469 901 2518 in·

338 2540 456 2591 censuque
472 2531 530 2582 urbe
544 2545 585 2597 per
603 2534 681 2585 media
703 2536 808 2587 bostium
823 2540 901 2589 eastra

341 2597 475 2658 salugiuut.

15 2698 16 2701 ,
124 2659 398 2724 3³3.iiitl,l.xxlx.
412 2697 440 2708 -
457 2669 544 2719 Darius
559 2672 680 2722 Memnoni
700 2686 819 2724 summam
842 2674 899 2727 beili

336 2737 478 2797 committit,
488 2739 531 2800 qul
544 2741 605 2790 tibio
614 2742 734 2805 Lesbique
746 2744 846 2794 urbibus
855 2758 900 2807 pu-

335 2805 542 2856 titusGruecorum
548 2811 636 2860 multos
644 2812 668 2860 in
677 2813 899 2874 amidtiamuliicit,

340 2877 365 2921 et
378 2873 468 2922 bellum
486 2875 511 2924 in
527 2880 647 2941 Europam
663 2883 770 2932 avertem
787 2882 898 2934 institnit.

339 2941 386 2989 sed
398 2944 510 2991 Memnon
522 2945 607 2994 morbo
617 2953 741 3009 correptus
752 2951 861 2999 moritur.

306 3010 381 3058 xllx.
394 3039 425 3050 -
435 3012 520 3062 occiso
529 3014 601 3063 etiam
612 3015 754 3067 (tbarldmm
763 3019 899 3070 Atheniensi

336 3078 519 3141 principexiro,
537 3083 579 3143 qul
589 3083 686 3134 meliora
695 3086 737 3136 sed
750 3087 798 3148 regi
807 3087 899 3150 ingrata

338 3148 502 3208 consuluerat,
513 3150 601 3200 barim
616 3152 668 3214 ipse
679 3152 735 3204 beili
746 3155 842 3216 gerendi
857 3170 898 3206 crr-

335 3228 386 3264 ram
400 3217 508 3280 suscipit.

305 3285 390 3336 xxxi.
402 3314 433 3327 -
445 3288 528 3338 Novus
543 3289 663 3340 exercitus
676 3293 803 3343 Persarum
821 3293 896 3358 itaby-

333 3355 412 3405 lonem
419 3358 545 3409 convenire
551 3359 655 3420 iubetur.
664 3363 778 3426 Equitum
783 3364 898 3427 peditum-

336 3438 384 3486 que
397 3440 521 3476 uumerus.
540 3430 627 3481 Darius
641 3431 761 3494 liubploue
776 3434 897 3496 proiectus

333 3495 466 3545 exercitum
475 3498 500 3546 iu
509 3498 615 3549 ciliciam
623 3499 692 3551 ducit
700 3515 774 3553 uxore
781 3507 806 3553 et
811 3504 894 3557 liberis

332 3564 711 3621 aerumnosissimae
719 3572 802 3622 morbo
809 3575 896 3634 maris·

333 3632 396 3683 simo
418 3635 555 3697 laborabat,
575 3652 624 3701 quo
649 3641 744 3691 taudem
770 3643 896 3707 Philippus

333 3706 440 3753 Acarnan
451 3707 632 3759 eumiiberarit.

302 3772 399 3823 xxxix.
408 3778 473 3826 -lu
481 3778 641 3829 Alexandrum
652 3782 895 3845 Lyncesteuuusplrxo

330 3846 392 3892 orta.
406 3845 450 3895 llis
465 3846 593 3898 deiunctae
604 3849 736 3900 Alexander
751 3852 786 3900 li·
802 3855 894 3903 Parme

330 3911 425 3963 monem
432 3915 502 3976 iubet
517 3918 620 3980 wenis
631 3922 713 3981 portas
721 3932 846 3982 occupare.
858 3925 894 3971 lu·

330 3981 390 4031 colu
400 3985 476 4047 magu
489 3987 513 4035 in
529 3989 616 4037 Persas
634 3988 760 4052 propensu
780 3990 823 4040 sed
841 3994 894 4041 Isso

329 4049 421 4101 Gliieire
433 4053 491 4104 urbe
504 4056 637 4108 Alexander
647 4064 698 4108 erm
709 4059 808 4121 politus.

298 4119 407 4168 llllltlll.
422 4151 452 4164 -
463 4125 546 4180 Quum
556 4128 654 4175 Dauum
664 4128 688 4176 lu
697 4128 830 4190 propinquo
840 4141 893 4180 esse

329 4187 460 4250 accepisset
471 4192 613 4255 Alexander,
624 4197 709 4259 proelio
719 4195 840 4246 decertare
853 4212 893 4261 pa·

330 4258 376 4371 kalt
389 4257 456 4308 Acies
469 4259 585 4311 instructu
600 4269 625 4313 et
644 4277 723 4326 pugna
736 4264 795 4313 inita
807 4265 893 4317 descri-

367 4336 403 4372 nr.

300 4395 408 4442 llllxlv.
420 4421 451 4431 -
462 4398 558 4447 lineum
570 4399 594 4448 iu
612 4400 697 4462 praelio
713 4398 744 4449 ad
755 4403 833 4450 lesum
845 4404 893 4453 ain·

328 4462 417 4525 galeris
428 4464 513 4515 sirim.
529 4468 599 4517 eirca
610 4480 676 4529 reqee
689 4469 837 4520 abocissima
850 4486 892 4534 pu

328 4545 382 4595 qna
402 4535 569 4586 Consternatis
588 4537 653 4586 Darii
679 4538 749 4599 equis
767 4542 893 4590 Persarum

328 4603 392 4653 acies
405 4604 515 4654 turbatur
527 4611 553 4655 et
563 4606 587 4655 ia
599 4606 678 4667 lugam
690 4607 828 4659 eilunditor.

297 4673 521 4725 xxxx-Prata
529 4675 647 4726 incastris
654 4676 718 4726 mrii
728 4677 819 4738 mictu,
833 4693 891 4742 prae·

329 4742 411 4791 sertim
427 4755 486 4804 quaa
499 4744 570 4806 regia
590 4747 745 4808 captivarum
764 4746 892 4800 muliemm

328 4822 424 4860 summa
435 4812 539 4863 miserie.

297 4879 405 4930 xxxvl.
417 4905 448 4917 -
459 4882 529 4944 capti
547 4883 613 4933 Darii
631 4886 716 4946 mater,
728 4898 799 4945 uxor,
814 4883 890 4937 liberi.

328 4949 452 4999 Cmsomm
462 4951 487 5000 iu
498 4952 548 5002 acic
557 4953 587 5002 ad
597 4956 676 5004 issum
688 4967 810 5005 nuurerus.

299 5018 421 5067 llxxvii.
433 5046 465 5058 -
476 5022 574 5083 Dauus,
585 5036 658 5086 quem
667 5025 800 5075 Alexander
809 5037 890 5090 perse-

329 5092 401 5138 cutus
411 5093 476 5152 erat,
486 5090 660 5154 insalutatum
667 5095 893 5159 pervenitlilatrem

1666 434 1723 485 iile

133 525 200 572 Ac.
214 522 273 585 ΙΙοΙ,
345 522 380 572 uit
390 527 476 572 castre.
487 524 559 574 Acies
574 524 605 575 ab
616 531 717 590 utruque
727 532 794 592 parte
809 532 907 584 instrui·
953 540 1021 588 Ac.
1037 538 1047 601 ii
1062 539 1100 588 01.
1174 541 1239 590 Darii
1261 544 1356 594 anxium
1380 550 1404 595 ei
1423 547 1579 610 trepidantem
1597 552 1730 606 Alexander

1170 611 1304 665 consolatur
1315 614 1464 678 benignoque
1474 618 1578 681 alloquio
1589 627 1689 673 recreat.

1133 680 1262 731 xxxviii·
1271 712 1303 729 -
1313 684 1443 751 Siugrxiaris
1451 688 1579 739 Alexandri
1592 691 1731 743 brrmaultas

1164 751 1381 814 iubariimatrem,
1393 757 1612 821 uxorem,liberos,
1621 760 1731 824 pluribus

1166 819 1286 883 descripta
1297 827 1322 871 et
1329 823 1456 875 celebrata.

1134 891 1243 939 lillAlll.
1259 917 1290 926 -
1301 892 1389 942 ilarius
1400 894 1546 956 Babylonem
1561 909 1587 946 se
1597 905 1730 962 receperai;

1165 959 1228 1009 unde
1239 973 1282 1022 per
1293 962 1373 1011 literas
1382 965 1533 1025 aequissimas
1542 967 1607 1028 pacis
1614 967 1730 1018 conditio·

1164 1040 1206 1077 nes
1213 1027 1347 1079 Alexandro
1354 1031 1449 1081 obtulit.
1460 1034 1504 1084 llis
1514 1036 1644 1097 repudiatis
1656 1038 1731 1101 duplo

1165 1098 1420 1159 majoremcxercitum
1444 1104 1642 1156 conscribendum
1663 1121 1729 1158 cura·

1167 1167 1209 1217 rit.

950 1233 1002 1279 tlt,
1016 1231 1026 1294 ii
1043 1238 1093 1281 iia.
1106 1238 1127 1283 l.
1138 1237 1188 1284 Ab.
1197 1265 1227 1276 -
1243 1236 1377 1287 Alexander
1391 1239 1462 1292 iactis
1473 1253 1591 1293 cesorum
1602 1243 1726 1300 lunaribus

1164 1306 1322 1368 recreatisque
1351 1308 1468 1359 militibus
1489 1311 1579 1361 bellurn
1610 1316 1727 1389 egyptiis

1162 1373 1250 1424 inierre
1272 1380 1347 1437 parat.
1359 1380 1422 1425 Dum
1438 1391 1482 1441 per
1494 1381 1623 1433 Pbmnicen
1639 1384 1684 1433 iter
1694 1384 1728 1433 lu·

1163 1444 1208 1504 cit,
1219 1444 1283 1506 Tyrii
1294 1445 1418 1495 conatibus
1426 1447 1592 1508 eiusobsiaut.
1604 1452 1663 1506 inde
1672 1456 1729 1516 Tyri

1164 1514 1365 1577 oppugnationem
1377 1516 1510 1567 Alexander
1527 1519 1672 1584 aggreditur,
1684 1536 1728 1573 eu-

1166 1582 1233 1645 tiqua
1243 1585 1307 1643 Tyro
1319 1584 1423 1645 primum
1432 1585 1521 1635 diruta.

1132 1651 1194 1698 Ant.
1211 1675 1242 1684 -
1259 1655 1349 1713 Aggere
1358 1657 1492 1714 exstructo,
1514 1654 1573 1704 dum
1596 1656 1729 1709 Alexander

1162 1719 1288 1780 Tyronrbl
1306 1722 1493 1784 appropinquat,
1502 1724 1567 1785 Tyrii
1579 1726 1654 1776 territi
1668 1727 1727 1778 libc-

1161 1800 1214 1849 ros,
1224 1801 1323 1848 uxores,
1333 1802 1402 1840 senes
1419 1793 1588 1854 cambagiuem
1605 1798 1726 1857 bauspor·

1160 1856 1246 1906 leudos
1264 1860 1357 1914 curaui.
1377 1862 1472 1923 Augeat
1488 1866 1603 1912 terrorem
1616 1865 1675 1914 rarii
1685 1879 1724 1927 ge·

1160 1926 1224 1975 ueris
1240 1926 1353 1988 prodigia.
1402 1947 1408 1958 ·
1455 1961 1459 1969 .

1130 1997 1205 2045 libii.
1215 2021 1246 2031 -
1256 1996 1375 2058 Naribus,
1387 1999 1527 2060 tormentis,
1540 2001 1593 2050 tells
1609 2002 1673 2064 Tyrii
1691 2003 1724 2052 in·

1163 2063 1250 2113 iastani
1259 2064 1352 2114 bostem
1366 2079 1379 2125 ε,
1387 2065 1484 2129 iusuper
1494 2071 1624 2132 tempestas
1635 2074 1725 2132 aggeris

1161 2135 1349 2197 partemauiert;
1364 2134 1517 2186 nibilominus
1526 2138 1658 2190 Alexander
1664 2155 1726 2204 opus

1162 2207 1238 2265 urget.

1130 2273 1214 2321 llblit.
1227 2301 1258 2314 -
1278 2273 1345 2323 tlirae
1360 2274 1482 2325 varietatis
1501 2276 1619 2327 maelium
1637 2278 1723 2329 descri-

1160 2338 1259 2402 buntur,
1280 2343 1369 2406 quibam
1387 2344 1452 2407 tyrii
1474 2345 1580 2394 Amnum
1601 2348 1648 2397 tela
1662 2351 1724 2398 exci-

1161 2409 1239 2471 pinni.

1130 2480 1214 2530 xliv.
1223 2481 1347 2544 -clypei
1362 2482 1446 2532 ebenei
1457 2495 1529 2534 arena
1541 2485 1631 2535 larrida
1640 2487 1723 2549 repleti

1158 2550 1290 2612 eta‘ryriis
1300 2553 1325 2601 ia
1342 2552 1422 2602 bostes
1437 2553 1514 2603 missi.
1529 2555 1647 2605 llacbiuae
1662 2557 1720 2619 igni·

1161 2618 1227 2668 iera).

1127 2689 1373 2740 XLV.-liacedoues
1381 2689 1436 2740 lessi
1442 2690 1563 2742 laboribus
1571 2693 1602 2743 de
1608 2694 1723 2744 solvenda

1160 2757 1282 2808 obsidione
1298 2759 1398 2809 consiliu
1409 2760 1499 2821 agitant
1514 2774 1520 2807 :
1535 2762 1578 2811 sed
1598 2776 1640 2812 rex
1653 2764 1722 2813 obui-

1159 2826 1226 2876 titur.

1129 2905 1209 2965 iiblll.
1220 2932 1251 2945 -
1262 2906 1329 2954 noro
1342 2904 1433 2967 impein
1451 2907 1514 2955 terra
1528 2908 1635 2970 marique
1650 2908 1721 2958 simui

1159 2971 1222 3021 iacto
1230 2972 1363 3022 Alexander
1375 2973 1462 3034 ipsein
1473 2974 1529 3034 Tyri
1542 2977 1630 3025 moenia
1641 2990 1721 3026 ascen·

1155 3039 1206 3090 dit:
1215 3041 1336 3103 aliaperie
1344 3041 1405 3090 aries
1416 3042 1440 3090 iu
1453 3054 1522 3091 muro
1531 3044 1625 3093 ruinam
1645 3047 1701 3095 lucit
1714 3063 1720 3094 ε

1157 3109 1239 3170 itaque
1254 3110 1312 3159 urbe
1331 3112 1387 3172 post
1402 3112 1495 3172 septem
1507 3124 1602 3162 menses
1617 3116 1719 3176 capitur.

1155 3178 1310 3240 Captiromm
1321 3190 1444 3239 uumerus.
1457 3179 1560 3242 Apollini
1570 3183 1718 3232 Pirilulexau·

1157 3245 1201 3294 (iro
1211 3251 1235 3295 et
1246 3247 1343 3297 llercuii
1353 3259 1421 3296 sacra
1433 3247 1490 3297 iacit
1498 3261 1539 3298 rex
1549 3268 1556 3299 ι
1567 3250 1718 3302 urbicorum

1047 3317 1049 3321 ’
1155 3327 1235 3375 regem
1247 3316 1414 3378 Ballouymum
1426 3318 1533 3379 prmilcit·

1124 3385 1259 3434 xtvtls-
1275 3385 1437 3435 Memorabilis
1452 3386 1509 3435 ucri
1520 3388 1647 3449 Tyriorum
1658 3391 1719 3454 regis

1155 3454 1249 3505 iortuua
1260 3457 1285 3504 et
1296 3454 1395 3518 pristina
1405 3456 1539 3506 humilitus.

1124 3532 1271 3581 illvm.-
1289 3532 1346 3594 Agis
1367 3546 1409 3585 rex
1421 3534 1656 3585 lmeduemouiumm
1674 3552 1718 3600 pro

1152 3601 1232 3650 Persis
1247 3603 1273 3650 in
1284 3605 1381 3652 cretam
1399 3603 1574 3667 expeditionem
1599 3606 1687 3656 lecerat
1709 3624 1715 3656 :

1151 3672 1300 3732 Amputusiu
1318 3675 1454 3735 appium
1468 3674 1546 3724 (truci
1567 3673 1716 3738 Alexandro,

1151 3752 1227 3803 quum
1247 3743 1336 3791 Gamm
1354 3748 1516 3806 oppugnaret,
1539 3743 1571 3793 ob
1593 3745 1718 3797 victorium

1151 3810 1216 3872 apud
1225 3814 1302 3862 issum
1315 3825 1428 3862 coronam
1437 3825 1533 3864 aureum
1546 3814 1653 3865 mittunt.

938 3893 992 3939 331.
1011 3888 1022 3952 ΙΙ
1037 3894 1088 3939 lit.
1108 3894 1130 3939 l.
1148 3890 1232 3939 xxix.
1248 3920 1280 3934 -
1301 3892 1443 3955 expugnas
1455 3894 1520 3943 Genu
1538 3893 1672 3942 Alexander
1692 3895 1717 3943 in

1151 3961 1280 4022 AEgyptum
1295 3966 1455 4025 moremque
1472 3963 1574 4022 pertaesa
1590 3960 1716 4011 crudelita-

1150 4029 1200 4076 tem
1218 4031 1345 4079 Persamm
1362 4030 1426 4078 uitro
1443 4030 1467 4079 in
1483 4028 1628 4079 (labdonem
1640 4031 1714 4080 venit

1150 4098 1715 4161 Factaeumcyrenenelbusamicitia,rexuaque

1149 4165 1179 4213 ed
1190 4167 1259 4215 toris
1268 4167 1392 4218 menonis
1404 4166 1520 4229 tempium
1530 4169 1645 4229 penebat.

1119 4245 1187 4292 L.-
1197 4244 1358 4293 Amnumiacu
1365 4244 1469 4305 regionis
1477 4244 1552 4303 situs,
1562 4243 1662 4306 temple,
1672 4255 1712 4305 pa·

1149 4312 1239 4361 latiaet
1252 4314 1423 4363 memorabilia

1001 4372 1010 4383 ¹
1118 4389 1394 4453 xx-remplumsnr
1410 4386 1715 4451 Anxurexnpropcu·

1149 4462 1187 4510 ias
1197 4459 1341 4525 questiones
1351 4472 1407 4523 quse
1418 4470 1532 4521 respousa
1539 4459 1664 4519 acceperit.

1118 4539 1170 4587 Lll.
1188 4568 1218 4582 -
1237 4542 1368 4601 ltegressus
1386 4537 1411 4586 iu
1429 4537 1558 4598 AEgyptum
1580 4535 1713 4586 Alexander

1152 4621 1240 4658 ueram
1251 4607 1336 4658 urbem
1345 4606 1511 4657 Alexandriam
1523 4604 1626 4655 condere
1636 4610 1711 4666 parat.

1149 4675 1206 4736 Eius
1216 4675 1369 4727 exstruendae
1382 4675 1436 4726 idea
1451 4675 1603 4724 describitur.
1624 4676 1712 4724 Postea

1148 4745 1276 4796 Alexandri
1288 4758 1438 4795 successores
1450 4744 1533 4794 urbem
1548 4742 1649 4793 muitum
1667 4756 1712 4791 au·

1149 4820 1243 4866 xemnt
1258 4815 1303 4867 liis
1314 4815 1416 4878 penatis
1428 4812 1560 4866 Alexander
1579 4812 1603 4862 in
1619 4812 1711 4874 Syriam

1148 4886 1235 4935 movet

1118 4961 1180 5010 niti.
1199 4986 1230 4995 -
1251 4961 1338 5011 llarins
1358 4966 1386 5013 ut
1403 4959 1564 5013 Alexmdrum
1582 4959 1711 5010 adventare

1146 5028 1254 5091 audivit,
1266 5030 1296 5079 ed
1307 5044 1408 5093 pugnum
1420 5029 1615 5080 committendam
1629 5031 1711 5079 omnis

1150 5097 1254 5150 mstrrnt
1284 5100 1411 5164 cupieram
1437 5112 1561 5150 uumems.
1590 5099 1714 5162 Babylone
