3994 5924
251 443 308 495 sae
892 411 1055 476 nrooont
1076 408 1202 472 sucum

278 578 349 628 duat.
359 573 461 626 Atlantis
478 571 542 622 iilos
555 571 693 633 ttesperus,
706 566 761 617 iiiito
772 566 863 628 septena
879 560 1026 620 Atlantides,
1076 561 1108 609 ll.
1118 586 1149 596 -
1159 558 1244 609 Baceld
1260 558 1399 621 cognomina
1415 572 1547 622 eorumque
1555 574 1642 611 mnan.
1654 564 1742 613 &ose
1754 562 1866 615 redditae

278 647 382 710 singulm
393 643 527 694 illustribus
536 641 597 689 mtis
612 640 694 688 cluere
1103 641 1147 677 cur
1156 629 1263 677 hiionnia
1272 630 1317 689 sit,
1326 642 1370 678 our
1378 630 1457 691 satyri
1466 635 1491 677 et
1502 633 1578 679 liuore
1588 632 1612 681 io
1620 632 1672 694 ejus
1681 635 1807 683 mmitato.

247 719 308 768 Llil.
318 746 349 759 -
359 713 455 765 saturat
464 714 489 761 et
497 709 602 761 turneb
612 722 642 758 eo
650 705 745 758 munti
757 701 912 767 mythologIa.
1073 698 1116 746 vt.
1123 723 1148 733 -
1165 700 1280 760 Priapus
1289 698 1375 748 Pamin
1385 699 1513 748 elveoeris
1521 699 1591 749 iiius.
1603 702 1714 763 origines
1725 702 1807 754 cultus
1817 710 1867 758 vet

248 789 320 838 txtt.
330 813 361 828 -
375 782 462 834 Bacchi
479 780 584 842 mythice
597 778 696 827 historia
708 787 781 837 supra
793 772 978 822 commemorata
990 779 1029 817 co·
1103 779 1118 815 a
1130 767 1297 829 propagatione
1308 768 1400 828 genens
1414 768 1512 816 humani
1524 768 1563 818 vel
1580 769 1612 818 ab
1632 770 1737 821 osiridis
1753 771 1866 823 historia

279 852 497 919 ptoreesplicutur.
508 847 610 910 Physica
620 845 756 909 explicatio.
775 844 816 893 Bts
825 834 1029 891 natusdloitorob
1103 835 1250 886 derivandae.
1264 838 1413 901 ithyphallos
1421 840 1446 887 et
1454 839 1553 900 Tycbon
1564 843 1782 903 snotooguomina.
1798 847 1866 895 tta.

279 926 355 974 ritem
365 919 517 972 Deucalionis
528 917 620 966 diluvio
635 917 778 967 exstinetam
789 925 818 961 ac
830 910 895 960 velot
915 909 1029 958 remum
1105 905 1251 968 maphroditl
1263 911 1339 956 ortus.

248 997 332 1046 bittit.
349 989 466 1041 historica
483 986 586 1036 narratio
594 989 701 1049 quatre·
712 982 799 1035 &echi
809 978 932 1032 exsiluere
946 976 1030 1026 dicun·
1073 976 1128 1024 vii.
1138 977 1276 1026 -diusoer
1291 989 1374 1027 earum
1390 981 1513 1040 parentes,
1523 990 1652 1039 uumerus,
1663 981 1761 1031 nomina
1777 984 1865 1034 noni·

278 1054 615 1121 tor.Auttqoissimuslodos.
1105 1046 1289 1107 ΰΰΰηΰθῐθῑῑθ·

248 1132 331 1182 tettv.
338 1158 368 1171 ·-
377 1128 442 1177 Alter
450 1124 557 1175 mochus
568 1123 634 1173 ioris
643 1124 668 1172 et
676 1120 769 1172 cereris
781 1120 853 1168 trtius.
866 1116 925 1178 Ejus
932 1114 1030 1163 tornata
1073 1113 1140 1161 lllll.
1154 1142 1185 1154 -
1197 1114 1332 1163 Herculea:
1343 1113 1441 1175 mythos
1450 1114 1481 1163 de
1492 1128 1521 1164 eo
1531 1115 1607 1165 molta
1622 1119 1731 1170 modoet
1742 1121 1865 1184 impedita

279 1199 451 1249 mensurantur.
467 1194 564 1244 Tertius
573 1197 610 1242 est
621 1191 750 1242 Thebanus
765 1188 834 1240 ioris
846 1194 870 1237 et
883 1183 988 1236 &mdes
1006 1182 1031 1230 ii·
1104 1186 1129 1231 el
1140 1195 1195 1244 quoe
1205 1182 1275 1233 iidem
1285 1183 1414 1245 excedant,
1422 1184 1487 1248 quod
1501 1186 1535 1235 rei
1550 1186 1663 1249 mythice
1675 1191 1798 1253 proprium
1806 1197 1863 1243 est.

279 1265 491 1326 lius,ob.lunonis
502 1260 616 1312 iuvidiam
631 1274 673 1323 per
683 1261 794 1310 abortum
808 1261 879 1306 natos
891 1256 916 1304 et
927 1254 951 1302 iu
962 1251 1032 1300 ioris
1074 1252 1117 1300 tx.
1130 1278 1163 1293 -
1179 1255 1307 1303 immensus
1325 1254 1388 1303 uires
1403 1267 1459 1304 eum
1476 1269 1518 1317 per
1533 1256 1611 1318 ipsam
1626 1262 1790 1320 portentosam
1800 1276 1864 1324 pro-

279 1338 369 1387 teum
379 1335 410 1386 ml
427 1334 588 1384 autoritatem
608 1330 746 1393 perductus.
770 1327 918 1379 Baccharum
937 1321 1032 1385 agmins
1104 1323 1250 1371 creationem
1259 1322 1449 1374 Herculiiniosoe
1456 1328 1508 1374 tum
1519 1338 1561 1389 pta
1569 1328 1705 1389 iunonem,
1716 1343 1772 1394 qore
1784 1345 1864 1383 mam-

280 1400 626 1469 perterrarumorbemduoit.
1105 1393 1241 1441 masinaeiu
1254 1394 1276 1442 ei
1290 1392 1433 1456 praebuerat.

249 1479 322 1531 exv.
340 1502 370 1511 -
386 1473 457 1536 tmpii
474 1471 561 1522 Bacchi
576 1470 737 1518 contemtores
747 1466 889 1529 puniuntor,
899 1462 961 1511 inter
971 1470 1033 1522 quos
1075 1462 1104 1509 x.
1124 1487 1156 1497 -
1171 1463 1315 1512 floeenlisln
1326 1463 1396 1512 cuuis
1408 1464 1511 1526 pericula
1521 1468 1546 1515 et
1563 1464 1681 1529 facinora,
1698 1468 1787 1531 quihus
1798 1474 1861 1521 Her·

280 1544 422 1597 nobilissimi
441 1542 576 1601 Peutimm,
595 1539 751 1601 thyminum,
769 1540 903 1599 Lycurgus.
926 1528 1031 1592 char-opi
1105 1531 1165 1580 curiis
1184 1546 1272 1583 nomen
1290 1538 1437 1584 oouseeutus
1450 1537 1500 1595 est,
1515 1539 1571 1585 ante
1590 1536 1686 1587 Alaeus
1708 1540 1859 1591 nummatus.

280 1614 372 1680 prramii
386 1614 439 1663 loco
456 1610 564 1661 Tlrrucite
581 1622 679 1671 reguum
693 1610 718 1656 ot
740 1607 853 1669 mysteria
871 1603 966 1654 tradita.
986 1603 1032 1649 Or·
1105 1600 1195 1651 Thebis
1205 1601 1359 1654 educatusab
1372 1602 1451 1665 irgioi
1461 1604 1555 1654 tributo
1565 1609 1590 1655 et
1601 1608 1823 1668 tyrannideurbem
1833 1613 1860 1661 ti·

281 1687 358 1749 pheos
367 1683 535 1746 mysteriorum
549 1692 647 1743 preses.
660 1676 747 1727 Bacchi
763 1675 855 1725 reditus
866 1688 922 1724 cum
939 1669 1030 1736 spoliis.
1105 1668 1185 1733 barat,
1195 1673 1411 1724 orebommorom
1427 1675 1611 1739 hiinyaromque
1619 1678 1736 1740 oppidum
1744 1680 1860 1731 destrarit.

249 1759 333 1808 cxvi.
344 1781 375 1790 -
384 1754 502 1814 Regiones
513 1754 538 1800 et
548 1749 620 1798 urbes
629 1749 848 1796 commemorantur
859 1741 982 1803 deitaoehi
993 1754 1031 1802 pa·
1106 1743 1257 1805 Borysthene
1277 1758 1318 1808 por
1340 1744 1456 1795 invidiam
1468 1746 1566 1796 timenti
1588 1746 1715 1798 duodedm
1728 1752 1861 1802 mimmius

280 1824 468 1874 hiacertantes.
490 1817 640 1870 Airorumde
652 1815 747 1866 baono
759 1808 1033 1864 uarraoooesscreds
1106 1809 1214 1873 imponit

281 1893 559 1958 mmmmm
980 1947 986 1958 ἱ
1016 1945 1022 1957 ·
1076 1881 1118 1929 xt.
1129 1911 1161 1923 -
1172 1884 1288 1934 lierooles
1304 1883 1414 1935 inanimi
1427 1885 1592 1948 egritudinem
1608 1892 1633 1938 et
1644 1889 1747 1940 imorem
1759 1889 1860 1952 inuidit,

249 1966 345 2015 vatt.
363 1945 1032 2027 suttqutsstmussertptornious,eolustriumquedrscr·
1106 1962 1156 2012 qrso
1175 1951 1290 2002 liberatus
1311 1954 1418 2017 singulos
1437 1955 1489 2006 adit
1511 1957 1614 2007 labores.
1631 1961 1653 2020 t)
1672 1961 1757 2011 Leuis
1768 1963 1859 2012 Nemea

280 2033 407 2097 polorum,
428 2027 549 2086 Herculis,
568 2027 709 2088 Thamyras,
721 2023 810 2086 Orphei
819 2058 826 2082 ,
835 2020 940 2072 literaria
948 2017 1033 2068 ootttu
1106 2021 1208 2071 occisus.
1219 2024 1248 2083 t)
1259 2024 1341 2086 ilydru
1352 2028 1458 2075 mres.

279 2102 421 2153 extirpetur..
1076 2093 1129 2142 liti.
1141 2121 1173 2131 -
1182 2094 1205 2152 ³)
1213 2099 1275 2156 Aper
1283 2096 1462 2157 Erymanthius.
1472 2099 1534 2146 Tum
1543 2096 1606 2146 idem
1613 2099 1749 2149 Centauros
1760 2098 1859 2150 devicit.

248 2173 355 2224 Lthil.
364 2198 396 2211 -
410 2172 472 2225 Quae
485 2166 557 2215 binus
568 2163 599 2213 de
609 2168 724 2213 Ammona
742 2174 796 2221 rege
811 2159 893 2221 tthyae
904 2158 977 2208 reluta
991 2155 1032 2204 ira·
1106 2162 1230 2211 cusonrm
1239 2164 1343 2213 nomina.

281 2241 345 2290 beat.
357 2243 391 2289 Ex
403 2238 493 2299 virgine
503 2234 688 2285 Amultlreaeasn
700 2230 781 2280 obtata
791 2232 873 2292 genuit
882 2229 1031 2286 ttttrrmtttac·
1075 2233 1140 2281 Atti.
1149 2234 1209 2294 -ii
1217 2234 1294 2281 cerva
1301 2234 1379 2283 aureis
1386 2234 1498 2285 cornibus
1507 2238 1532 2285 et
1539 2237 1664 2287 edacitate
1671 2238 1854 2302 insignierapta.

280 2307 458 2372 chum),c1um
473 2307 499 2353 in
511 2304 596 2353 urbem
608 2304 696 2363 Nysam
709 2300 867 2358 translatum,
878 2303 905 2347 ut
917 2299 985 2346 totus
996 2308 1032 2345 es·
1108 2302 1132 2361 5)
1144 2305 1233 2350 Areae
1245 2303 1410 2366 Stymphalide
1424 2304 1512 2367 palude
1521 2305 1621 2356 abactae.
1635 2308 1661 2370 a)
1678 2309 1762 2370 Augias
1773 2309 1858 2359 mm.

281 2382 319 2428 set
328 2378 359 2427 ob
369 2376 450 2425 uxoris
464 2374 538 2424 Rheae
550 2369 650 2419 insidiis.
663 2369 752 2419 tuente
767 2367 936 2417 montannos
952 2366 976 2414 in
985 2377 1032 2428 qua
1106 2369 1156 2419 lum
1166 2376 1333 2433 euyrorgatum.
1351 2376 1375 2435 7)
1387 2375 1482 2423 tauma
1499 2386 1514 2424 e
1529 2377 1601 2425 creta
1620 2376 1645 2425 in
1664 2377 1858 2440 Peloponnesum

280 2450 345 2508 Nysa
353 2445 398 2496 sita
411 2439 610 2502 eratdescriptio.
1106 2438 1240 2489 traductus.

249 2518 334 2568 thx.
347 2542 378 2552 -
390 2519 493 2564 Antrum
505 2513 629 2571 ilysaeutu.
1076 2511 1140 2558 xiv.
1150 2538 1181 2550 -
1199 2510 1330 2560 Deiunotus
1351 2509 1397 2560 boc
1414 2512 1546 2562 certamina
1561 2512 1631 2563 iudos
1645 2514 1784 2576 olympicos
1802 2513 1859 2565 lori

249 2589 322 2638 Lxx.
334 2613 365 2623 -
377 2583 486 2634 &culros
496 2581 521 2629 in
532 2581 603 2628 antro
613 2574 792 2626 custodiebatur
803 2574 834 2623 ab
843 2574 944 2623 Aristaeo
950 2577 976 2623 at
989 2572 1031 2622 lti-
1108 2578 1212 2628 iustituit
1229 2580 1352 2630 tieromes.
1365 2581 1454 2643 ipsein
1466 2583 1532 2631 ornnl
1551 2584 1709 2633 certaminum
1721 2597 1807 2645 gauere
1825 2585 1860 2634 ri-

283 2668 370 2715 bellis
381 2667 437 2718 ⁸1⁰oe
450 2651 475 2701 ³¹¹
489 2647 573 2699 ΜΘΗ]
592 2646 670 2696 ¹⁰⁸⁰¹⁸
681 2644 710 2694 id
726 2656 821 2693 ΜΘΝ
839 2644 960 2693 Τῆῑθῦθῐΰ
977 2646 1032 2691 ⁰⁰¹⁸
1105 2653 1157 2697 olor
1170 2649 1241 2698 odiis
1252 2649 1392 2712 deabusque
1401 2664 1501 2700 munero
1511 2652 1606 2714 arripit.
1616 2653 1701 2703 obiter
1711 2668 1860 2703 commeans·

281 2721 560 2776 aruhobiterhiinerrur
571 2718 676 2766 facinora
692 2719 866 2775 memorantur,
878 2712 987 2775 inprimis
1001 2725 1032 2759 re-
1106 2720 1143 2768 ret
1161 2720 1290 2769 historicus
1306 2721 1398 2770 Nioben
1418 2721 1535 2783 primam,
1550 2721 1687 2771 Alcmenam
1699 2737 1758 2773 '010
1770 2729 1862 2786 posue.

280 2796 342 2857 gldis
356 2791 457 2844 monstri
471 2787 564 2847 cedes,
577 2786 609 2835 ub
620 2798 694 2848 quum
708 2782 875 2833 vindicandam
887 2784 941 2844 ejus
955 2785 1031 2831 mater
1106 2800 1171 2836 mam
1184 2789 1308 2838 mortalem
1321 2789 1419 2839 sutem
1430 2793 1492 2840 Jove
1503 2803 1674 2854 compressam,

281 2867 355 2915 telim
364 2865 478 2925 Gigantea
487 2853 833 2921 pehtrlhdfflfflmtloeffffflffl
841 2853 931 2902 boilet-
945 2851 1032 2902 Bacchi
1075 2858 1127 2905 XV.
1138 2887 1169 2898 -
1184 2858 1251 2908 Bello
1261 2871 1276 2907 a
1288 2860 1428 2921 Gigantibus
1438 2860 1462 2909 ln
1473 2860 1531 2909 daos
1545 2867 1610 2910 muto
1627 2862 1742 2912 Hercules
1756 2862 1804 2912 diis
1817 2876 1858 2912 au·

280 2935 358 2997 prirna
367 2932 461 2990 studia,
471 2927 591 2992 precipue
602 2925 658 2975 vitis
666 2924 768 2974 eutturu.
1107 2927 1164 2975 aiio
1176 2928 1256 2990 reoit,
1269 2931 1294 2978 et
1306 2929 1339 2978 ita
1350 2929 1483 2979 ooelestinm
1497 2930 1596 2980 deorum
1617 2933 1720 2981 honores
1731 2934 1858 2995 consequi-

250 3007 336 3055 cxxi.
349 3031 382 3046 -
394 3003 461 3051 Rhea
476 3010 579 3048 noverca
587 2994 618 3045 ad
634 2995 731 3045 titanes
742 2992 879 3055 reuertitur,
889 2997 914 3041 et
931 2994 1033 3042 saturno
1107 3001 1155 3046 tur.
1175 3000 1344 3050 Prometheum
1363 3000 1417 3062 igue
1432 3006 1500 3063 rupto
1521 3001 1582 3051 beno
1599 3002 1629 3051 rle
1649 3016 1736 3063 gauere
1752 3004 1860 3053 hunuano

280 3074 364 3136 juncta
379 3072 469 3123 beilum
483 3069 508 3117 io
525 3071 665 3116 Ammonem
682 3066 771 3115 moret.
785 3068 888 3114 Ammon
902 3065 1030 3124 soporatus
1107 3068 1217 3117 meritum
1232 3081 1302 3130 praua
1312 3069 1404 3118 libarat
1414 3072 1443 3133 s)
1458 3070 1518 3120 inde
1527 3071 1650 3121 Diomedis
1663 3086 1739 3134 equas
1752 3074 1860 3123 carnivo-

281 3144 306 3194 ln
317 3146 414 3194 crutam
424 3140 527 3191 insulam
537 3136 604 3198 iogit.
616 3135 662 3185 Sed
679 3134 788 3184 Bacchus
802 3133 922 3194 adiuncti*
932 3138 1032 3181 dmm·
1106 3150 1145 3187 ras
1155 3138 1242 3200 rapuit.
1253 3140 1321 3188 Tune
1332 3139 1571 3190 tusouisadcoiclros
1583 3154 1664 3189 eomes
1674 3142 1728 3191 luit.

282 3214 354 3262 nibus
362 3215 388 3262 et
396 3211 502 3261 Minerua
513 3208 610 3257 Titanes
618 3204 730 3254 dehettat.
749 3207 805 3261 Quo
822 3202 885 3253 iacto
894 3201 961 3251 dtus
981 3215 1033 3264 Pto·
1076 3211 1140 3257 Avi.
1150 3236 1181 3249 -
1190 3209 1215 3268 tl)
1224 3208 1348 3270 Expeditio
1358 3207 1389 3257 ad
1397 3215 1528 3259 Amazones
1535 3209 1564 3259 ud
1575 3209 1713 3272 rapiendam
1722 3212 1858 3276 Hippolytae

281 3281 419 3340 nunciatur,
427 3280 465 3328 oui
479 3278 556 3341 primo
566 3276 622 3325 rino
633 3274 717 3324 libant
1107 3289 1200 3326 zonam.
1210 3277 1311 3327 Nomina
1319 3283 1467 3328 Amazonum
1480 3280 1638 3329 devictarum.

251 3352 387 3401 txxt1.-
398 3348 456 3399 Belli
467 3345 525 3396 socii
534 3344 629 3394 Baccho
638 3344 709 3394 stiam
719 3343 793 3393 Sileni
802 3345 882 3402 crant,
893 3339 935 3403 qul
943 3339 1031 3388 descri-
1076 3350 1150 3396 livit.
1158 3379 1188 3388 -
1198 3348 1233 3408 th)
1243 3349 1291 3396 lter
1305 3349 1328 3396 iu
1336 3348 1438 3399 iberiam
1445 3351 1475 3398 ad
1483 3349 1639 3399 abducendos
1645 3352 1763 3413 Geryonis
1771 3350 1857 3401 hores.

281 3420 380 3471 buntur.
393 3415 559 3480 impeditionis
579 3413 687 3462 militaris
703 3413 806 3476 reliqua,
817 3409 970 3461 memoranda
987 3425 993 3457 :
1006 3410 1030 3458 iu
1107 3416 1262 3479 congregans
1271 3418 1295 3466 tn
1303 3420 1374 3467 creta
1387 3419 1466 3468 ingny„
1472 3455 1480 3480 ‚
1488 3433 1561 3482 quam
1573 3419 1657 3469 pesyyys
1666 3425 1766 3482 purgat,
1777 3421 1860 3470 myyyyy.

281 3489 341 3539 urbe
359 3487 461 3538 zebirna
480 3488 586 3545 campen
610 3487 745 3530 monstrum
766 3478 912 3530 horrendum
934 3477 1033 3558 uncidin
1108 3488 1153 3536 bus
1165 3488 1241 3549 prium
1252 3487 1277 3536 in
1290 3488 1389 3551 Libyam
1400 3489 1501 3550 trajicit,
1512 3489 1554 3539 ubi
1564 3494 1675 3539 Antaeum
1687 3490 1711 3537 in
1727 3491 1858 3542 centulae

282 3558 373 3620 ubique
389 3554 521 3612 moeliens,
531 3550 610 3613 impiis
624 3551 715 3612 gravis,
729 3551 752 3599 io
762 3551 828 3613 ipsos
841 3549 924 3597 hostes
943 3549 1032 3609 uictos,
1106 3556 1202 3605 conticit
1210 3592 1217 3614 ,
1225 3558 1362 3619 terramque
1371 3570 1386 3606 g
1395 3558 1451 3607 pm,
1462 3563 1487 3608 ey
1500 3559 1608 3621 tyranni,
1618 3558 1712 3608 tibet-gg

282 3632 412 3677 saturnum
423 3624 577 3684 lineamque,
591 3621 759 3683 piutaclcnls·
893 3687 899 3698 Ι
1077 3629 1262 3677 livill-iter
1271 3628 1386 3677 Hercules
1394 3629 1543 3678 convertitio
1554 3632 1680 3691 AEgyptnm
1688 3632 1713 3677 et
1721 3628 1859 3681 Busiridem

251 3699 359 3746 Lliltllt.
369 3721 400 3730 -
411 3693 520 3743 Bacchus
539 3691 662 3741 Ammonis
672 3690 795 3739 oraculum
807 3689 920 3738 tusntmt.
934 3688 1034 3748 egypto
1107 3695 1203 3745 ooeydyy,
1212 3694 1271 3745 lude
1281 3695 1305 3744 tn
1319 3696 1394 3759 Libya
1404 3698 1591 3760 Hecatompylon
1601 3696 1694 3756 condit,
1706 3700 1786 3759 posta
1799 3701 1861 3751 car.

281 3768 366 3815 «bilem
378 3776 457 3824 litem
469 3761 568 3824 Plfflficit
584 3761 682 3822 linique
691 3761 810 3809 ⁰⁰¹¹⁰s⁸ffl
822 3759 942 3819 imbefisti
952 3756 1032 3805 timist-
1108 3765 1295 3827 thagiuieosibus
1307 3771 1465 3828 expugnatam
1479 3781 1485 3813 :
1506 3766 1601 3815 tarrdem
1613 3766 1642 3816 ud
1653 3769 1776 3815 Oceanum
1786 3766 1861 3817 Gadi·

283 3837 321 3883 ter
341 3833 446 3894 reliquas
468 3830 533 3878 orbis
551 3833 630 3891 parles
644 3829 735 3877 ustibus
750 3828 802 3877 tuis
813 3827 927 3876 cultiores
943 3826 1031 3874 reddii-
1108 3840 1190 3883 tanum
1210 3835 1333 3885 columnas
1351 3836 1443 3885 statuit.
1457 3836 1531 3885 vietis
1548 3837 1690 3898 Chrysaoris
1707 3835 1763 3886 tiliis
1783 3836 1861 3887 hores

283 3902 319 3952 Ad
335 3901 482 3951 immortales
496 3898 561 3959 abit,
572 3912 621 3961 quo
641 3898 703 3948 iacto
713 3898 824 3960 iuppiter
835 3897 940 3946 uniuersi
951 3896 1034 3945 mrrodi
1107 3905 1187 3967 abigit.
1198 3907 1323 3955 eorumne,
1335 3906 1443 3955 {percutis
1454 3911 1479 3956 et
1490 3907 1578 3955 fretum
1589 3906 1621 3954 ab
1631 3920 1661 3957 ω
1670 3908 1788 3955 motatum
1802 3919 1861 3956 eum

285 3984 327 4022 rau
337 3971 538 4021 coustitutusest.
1108 3976 1221 4026 similium
1228 3989 1328 4039 opernm
1336 3976 1360 4024 in
1367 3976 1521 4026 Tiressatiaet
1528 3976 1861 4026 Beonammmemorsttone

253 4043 358 4092 miili.
368 4069 399 4082 -
411 4040 524 4090 Airornnu
532 4036 562 4087 de
572 4036 666 4086 baceho
675 4034 751 4084 altero
762 4035 787 4085 et
798 4035 869 4085 letho
881 4034 1030 4085 traditiones.
1077 4048 1141 4095 χιχ,
1151 4075 1183 4087 ..
1193 4046 1433 4098 ymngyyqfflercupg
1442 4046 1466 4094 y„
1477 4046 1601 4106 ceptam,
1609 4045 1651 4096 uby
1662 4046 1860 4097 giemum

558 4141 743 4165 ..000-
1108 4117 1223 4179 exstruit,
1234 4115 1289 4164 inde
1301 4128 1343 4177 per
1352 4115 1425 4178 Alpes
1437 4116 1462 4165 in
1473 4116 1575 4165 ltaliam.

569 4214 641 4272 n..
664 4212 717 4271 ιν·
1079 4188 1364 4304 thr-lihesi
1375 4183 1714 4317 instititutis.

249 4334 275 4381 Ἰ.
286 4359 317 4373 -
326 4326 513 4388 Exordiomquo
526 4322 906 4386 historiaeantiqutediihcuitates
917 4324 1035 4385 explican-
1108 4324 1208 4374 deeimue
1222 4323 1319 4373 liersuli
1329 4324 1391 4372 rotro
1409 4323 1576 4385 templumque
1585 4325 1743 4371 exstructum.
1757 4326 1785 4372 ln
1795 4332 1860 4373 cam·

284 4397 478 4459 tnrAdy'uogitnr
488 4395 542 4444 iibri
552 4398 726 4454 argumentum.
738 4396 882 4441 Exterormu
899 4393 1033 4455 antiquitati
1109 4406 1167 4456 pom
1179 4398 1307 4445 cumaeum
1323 4406 1344 4442 s.
1356 4393 1507 4454 Phlegraeum
1522 4404 1661 4456 progressus
1673 4392 1789 4454 Gigantes
1805 4407 1860 4458 per·

285 4471 426 4518 Graecorum
435 4464 603 4527 antiquissima
613 4462 712 4510 historia
727 4474 791 4509 nrtuc
806 4461 964 4523 adiungenda.
977 4466 1034 4513 Bae·
1109 4465 1212 4513 domuit.

283 4536 323 4586 obt
344 4541 428 4599 utpote
446 4538 471 4584 et
497 4532 657 4593 antiquissimi
675 4534 701 4581 et
726 4530 935 4582 beneficentissimi
956 4535 1035 4584 inbuta
1078 4535 1153 4583 xxti.
1166 4563 1197 4576 -
1208 4531 1317 4582 tteraulis
1325 4531 1356 4581 ad
1367 4530 1448 4580 laeum
1457 4536 1579 4581 Avernum
1588 4531 1722 4593 operalio
1736 4532 1860 4583 tiendo.

285 4607 363 4668 primo
373 4607 425 4654 lom
438 4602 580 4652 enarmuuu.
1108 4604 1246 4653 venatorio
1258 4603 1359 4653 Dianam
1369 4601 1457 4665 impios
1467 4601 1585 4665 supplicio
1598 4601 1708 4652 edemus.
1720 4602 1820 4652 cicadae
1828 4603 1860 4653 ob

258 4676 291 4724 tt.
302 4701 333 4711 -
343 4675 428 4725 Bareln
438 4675 539 4724 nutules.
552 4676 640 4723 Alone
648 4677 673 4721 et
684 4670 776 4722 &mele
784 4675 914 4732 prognatus
923 4673 1036 4736 nymphis
1110 4672 1217 4722 hiemalis
1229 4672 1342 4735 pietatem
1354 4671 1448 4721 deletas.
1467 4670 1552 4721 blando
1569 4671 1686 4721 Hercules
1704 4683 1761 4720 oum
1780 4671 1860 4723 honos

285 4742 311 4792 in
323 4748 392 4792 antro
404 4746 475 4803 nyso
484 4743 595 4802 traditur,
605 4741 669 4791 unde
680 4739 779 4803 Dionysi
785 4753 872 4789 nomeu
886 4741 965 4793 habet.
977 4744 1034 4794 vini
1109 4742 1133 4791 in
1141 4742 1245 4792 Siciliam
1255 4742 1350 4803 trajicit.

285 4815 311 4860 st
319 4811 384 4874 aythi
392 4813 511 4860 inventor.
525 4811 612 4861 ttinere
621 4810 730 4873 usquein
742 4807 836 4858 indiam
845 4808 957 4860 institnit.
1078 4814 1166 4861 xxiii.
1181 4837 1213 4847 -
1224 4810 1335 4861 Thermis
1346 4810 1472 4861 Himeraeis
1485 4813 1511 4859 et
1523 4810 1648 4872 sgosnots
1660 4814 1783 4859 recreatus
1803 4814 1862 4862 iter·

256 4882 301 4931 lii.
313 4907 345 4917 —
360 4879 477 4930 Redeunti
492 4893 524 4930 es
543 4880 610 4930 ludia
626 4881 720 4930 Baccho
735 4892 802 4927 sacra
815 4879 995 4931 mnstltuontur
1010 4881 1035 4930 in
1110 4880 1176 4930 eules
1186 4884 1286 4943 Erycem
1297 4880 1426 4931 certamine
1440 4880 1515 4930 uincit
1526 4886 1552 4930 et
1563 4879 1667 4933 stotttam
1685 4880 1815 4940 premium
1826 4895 1861 4932 re

287 4951 398 5001 Gracia:
412 4951 474 5000 ritns
480 4951 600 5001 solemnes
609 4951 786 5001 describuntur.
1110 4953 1287 5015 portat,qnam
1302 4963 1388 4999 nnuse
1409 4950 1526 5012 posteris,
1540 4950 1654 5008 boriem,
1675 4949 1783 5009 obhoet,
1800 4957 1827 5000 et
1837 4952 1861 5001 in

256 5022 299 5070 ll'.
309 5049 342 5063 -
351 5019 458 5070 Bacchus
468 5021 599 5084 antiquior,
611 5021 737 5077 sabazius,
748 5020 896 5082 Proserpinae
909 5021 980 5071 tilius.
992 5025 1036 5073 Re·
1110 5035 1139 5071 sa
1150 5021 1288 5071 Heracleam
1298 5022 1415 5081 exstruit,
1425 5020 1512 5071 deinde
1526 5019 1787 5080 acurtiraginieosibos
1796 5021 1861 5070 dirru-

290 5091 355 5151 liqoa
367 5088 465 5149 Bacchi,
473 5089 621 5149 reieruotrrr;
634 5090 764 5153 ingenium,
775 5090 860 5149 torma,
873 5092 975 5141 comites
985 5095 1035 5141 itiu-
1112 5098 1169 5142 tam.
1179 5091 1302 5154 syracusis
1312 5105 1380 5141 saera
1397 5091 1478 5142 cereri
1493 5094 1518 5141 et
1532 5089 1679 5151 Proserpinae
1690 5089 1807 5139 instituit.
1822 5092 1861 5142 Si·

290 5172 341 5221 sas,
353 5159 447 5210 silenus
460 5158 603 5224 poedagogus
611 5166 635 5211 et
647 5160 740 5223 socius,
753 5160 858 5210 habitus.
1113 5173 1186 5213 canos
1196 5162 1278 5212 intesta
1287 5161 1427 5213 acieobrios
1437 5160 1516 5212 euadit.
1530 5164 1625 5212 Ducum
1636 5159 1741 5210 nomina.
