3942 5914
129 388 266 462 amm)
629 452 630 456 .
675 398 836 464 nrouoar
856 405 979 468 sronnr
1000 411 1073 472 nra.
1096 414 1161 474 xx.
1663 445 1720 494 ωε

126 519 255 597 Μεγάλην
270 520 357 597 πολιν,
373 512 453 580 οθσαν
471 526 523 581 τῶν
539 529 735 606 Καρχηδονίων.
778 536 809 612 (a)
825 534 859 596 ‘ll
879 538 902 595 δ’
947 547 976 595 ad
987 552 1112 613 linquam,
1122 564 1194 615 qnam
1215 562 1317 617 rorant,
1336 559 1417 608 urbem
1435 562 1532 614 ditionis
1543 569 1721 633 carthaginien-

126 604 177 663 άνά
196 607 276 682 μέσον
289 606 379 687 χώρα,
395 610 429 666 δι’
448 602 479 681 ῆς
498 613 638 690 ἀναγκαῖον
657 625 827 698 πορευθῆναι,
840 624 903 682 διεί-
946 636 1009 683 sium
1021 637 1098 688 duxit.
1130 641 1164 701 (3)
1182 642 1255 704 Regio
1266 648 1346 694 autem
1363 647 1515 712 intermedia,
1536 668 1659 719 perquam
1677 661 1722 712 iter

125 695 212 765 ληπτο
232 694 353 766 κηπείαις
374 696 419 754 καὶ
442 700 577 768 παντοίαις
599 706 777 785 φυτουργίαις,
799 713 901 770 πολλῶν
946 721 1546 796 laciendum,bortisetomnigeuereplnntarlornnr
1559 745 1721 811 erenllaerat,

124 779 227 838 ὑδάτων
241 782 450 861 διωχετευμένων
464 786 509 844 καὶ
533 789 619 847 πάντα
633 791 710 851 τόπον
734 797 901 875 ἀρδευόντων·
944 823 1059 872 aquarum
1077 815 1145 876 copia
1164 830 1207 878 per
1219 817 1283 867 rivos
1301 824 1326 868 et
1343 823 1436 872 canales
1453 838 1482 874 oo
1500 827 1615 893 deducta,
1633 836 1721 897 quibus

95 879 110 919 tl
124 868 257 946 ἀγροικίαι
275 892 302 928 τε
317 872 432 950 συνεχεῖς
449 876 566 954 ὑπῆρχον
587 879 734 956 οἰκοδομαῖς
748 886 900 945 πολυτελέσι
945 901 1010 946 totus
1025 899 1057 948 ibi
1069 903 1158 951 trartus
1174 904 1301 965 rigabatur.
1314 910 1458 974 crebraeque
1470 913 1504 962 ibi
1515 917 1578 967 rillae
1590 925 1720 972 sumtuosia

123 956 169 1014 καλ
182 956 323 1034 κονιάμασι
338 960 559 1038 διαπεπονημέναι
574 965 620 1022 καί
635 965 679 1024 τὸν
701 972 753 1027 τῶν
769 974 898 1050 κεκτημέ-
943 984 1063 1047 aediliciis,
1081 1002 1199 1051 opereque
1219 994 1319 1043 tectorio
1331 996 1472 1059 elaboratae,
1493 1003 1581 1064 quibos
1600 1009 1720 1069 opulentia

122 1066 173 1100 νων
195 1044 276 1111 αύτδς
297 1047 517 1124 διασημαίνουσαι
537 1052 658 1114 πλοῦτον.
701 1056 731 1132 (r)
747 1055 899 1138 Ἐγεμονδ
943 1071 1093 1123 dominorum
1107 1075 1291 1138 significabatur.
1324 1083 1358 1144 (l)
1370 1085 1443 1136 AEdes
1452 1101 1510 1137 reru
1526 1092 1597 1141 rebus
1608 1096 1719 1146 omnibus

123 1131 150 1187 αἱ
173 1129 222 1207 μέν
236 1132 357 1199 ἐπαύλεις
370 1134 476 1194 πάντων
496 1140 548 1195 τῶν
563 1139 627 1218 πρὸς
641 1142 799 1217 ἀπῶιαυσιν,
819 1151 854 1214 ὡς
868 1147 898 1207 θν
942 1158 971 1207 ad
984 1160 1109 1211 lrneudum
1128 1168 1287 1218 accommodis
1306 1178 1373 1220 erant
1385 1176 1491 1237 relertae,
1507 1179 1573 1240 qnod
1593 1181 1677 1232 inmite
1694 1184 1717 1233 in

121 1220 175 1274 τῶν
189 1219 322 1298 ἐγχωρίων
342 1224 369 1279 ἐν
392 1221 480 1301 είρῆνῃ
499 1226 661 1308 πολυχρονίῳ
676 1234 898 1313 τεθησαυρικότων
942 1258 999 1307 paee
1019 1247 1134 1299 diuturna
1155 1252 1275 1303 lrnotnom
1299 1257 1431 1308 ubertatem
1449 1272 1624 1326 nongesseraut.
1657 1274 1718 1332 Ager

82 1316 109 1362 to
120 1306 292 1382 γεννημάτων
306 1309 468 1388 ἀφθονίανὴ
482 1310 510 1369 δὲ
520 1313 595 1394 χώρα
608 1318 625 1385 ῆ
641 1316 689 1394 μέν
703 1310 734 1389 ῆν
746 1322 897 1403 ἀμπελόφυ-
942 1334 1027 1394 partim
1041 1336 1145 1397 ritibus,
1162 1341 1248 1402 partlm
1266 1342 1326 1392 oleis
1339 1348 1390 1395 erat
1407 1350 1527 1411 oonaitus,
1546 1353 1717 1419 arboribusque

120 1416 179 1464 τος,
205 1392 266 1464 ἡδὲ
289 1395 436 1478 ἐλαιοφόρος
457 1397 502 1457 καὶ
519 1404 569 1458 τῶν
584 1400 670 1462 ἄλλοιν
684 1409 736 1462 τῶν
757 1410 897 1489 καρπίμων
940 1420 1040 1483 celeria,
1059 1437 1113 1486 qnae
1131 1425 1235 1476 lrnetum
1251 1429 1365 1491 gignunt,
1384 1434 1497 1495 repletos.
1531 1441 1559 1487 ln
1575 1441 1717 1492 alterarero

119 1478 232 1559 δένδρων
255 1482 399 1550 ἀνάπλεως.
439 1484 502 1545 Ἐπὶ
515 1486 610 1567 θάτερα
634 1488 661 1549 δέ
678 1491 744 1572 μέρη
765 1495 795 1553 τδ
808 1499 895 1557 πεδίον
939 1511 1005 1570 parte
1015 1524 1124 1573 eampum
1133 1513 1205 1563 benm
1214 1522 1321 1566 armenta
1330 1520 1354 1568 et
1362 1533 1444 1581 greges
1453 1524 1534 1573 oriem
1544 1524 1714 1589 depascebant,

117 1566 242 1644 ἐνέμοντο
264 1573 332 1645 βοῶν
348 1570 441 1650 ἀγέλαι
463 1573 508 1632 καλ
525 1580 652 1653 ποῖμναι,
668 1580 713 1637 καί
726 1581 760 1638 τδι
784 1586 893 1656 πλησίον
938 1597 962 1645 ot
975 1597 999 1645 iu
1012 1598 1140 1660 paludibus
1153 1601 1237 1651 ricinis
1247 1616 1332 1666 magua
1347 1618 1463 1668 equarum
1473 1610 1606 1673 frequentia
1617 1621 1668 1665 erat
1679 1632 1715 1666 ar·

117 1653 166 1727 ἕλη
179 1655 315 1737 φορόύδων
330 1657 419 1717 ἵππων
434 1660 521 1740 ἔγεμε.
563 1663 684 1723 Καθόλου
696 1666 722 1725 δέ
732 1670 844 1728 παντοία
856 1697 894 1741 τις
938 1685 1117 1736 mentariarnm.
1149 1692 1181 1737 Et
1198 1690 1257 1751 quid
1281 1692 1372 1742 multa?
1390 1695 1526 1747 felicissima
1544 1703 1714 1753 eratomniom

78 1760 103 1798 rs
116 1734 148 1814 ῆν
164 1746 191 1802 ἐν
204 1752 257 1811 τοῖς
265 1744 352 1811 τάττοις
364 1748 590 1824 εύδαιμονία,τῶν
602 1753 812 1833 ἐπιφανεστάτων
823 1762 893 1841 Καρ-
936 1772 1114 1822 commodorum
1132 1775 1226 1825 inloois
1242 1778 1288 1828 illia
1305 1781 1386 1842 mpia,
1399 1783 1463 1844 qnod
1483 1787 1713 1849 carthaginiensium

114 1831 247 1910 χηδονίων
269 1834 436 1914 διειληφότων
458 1834 505 1901 τάς
528 1838 631 1908 κτήσεις
643 1840 688 1898 καί
706 1845 760 1906 ταῖς
773 1846 892 1915 πλούτοις
935 1857 1075 1908 nobilissimi
1098 1860 1185 1912 londos
1202 1863 1257 1912 illos
1275 1869 1419 1928 possessioni
1440 1884 1492 1920 snas
1513 1873 1671 1937 vindicarent,
1688 1887 1713 1929 et

114 1921 365 1999 πεφιλοκαληκότων
392 1921 456 2003 πρὸς
485 1925 639 1987 ἀπολαυσιν.
681 1927 716 2006 (ε)
744 1931 840 2014 Διόπερ
867 1939 890 1994 ol
934 1945 1038 2006 quodam
1054 1947 1176 2009 elegantiae
1189 1952 1269 2000 studio
1288 1953 1319 2002 ad
1337 1955 1483 2018 voluptatem
1502 1960 1573 2010 istam
1587 1962 1711 2015 lacnltates

117 2007 275 2064 Σικελιῶται
293 2005 324 2064 τό
336 2030 364 2065 τε
377 2012 424 2078 τῆς
440 2006 529 2088 χώρας
542 2010 639 2080 κάλλος
651 2012 696 2072 καί
707 2014 754 2085 τλν
768 2020 890 2097 εύδαιμο·
933 2034 1112 2083 convertissent.
1145 2037 1178 2095 (5)
1190 2038 1451 2094 ldcirooammuilatem
1463 2047 1566 2108 regionis
1577 2051 1707 2101 etlelioita·

113 2091 172 2149 niara
185 2091 234 2164 τῆν
257 2096 283 2152 ἐν
296 2096 362 2173 αὐτῇ
387 2096 560 2169 θαυμάζοντες
574 2099 700 2181 μετέωροι
722 2108 779 2170 ταῖς
789 2108 889 2167 ἐλπίσιν
933 2121 981 2167 lem
990 2120 1133 2192 admirantes
1142 2124 1227 2185 Siculi,
1239 2139 1294 2187 spes
1310 2129 1425 2179 sublimes
1436 2134 1557 2195 gerebant,
1565 2137 1628 2197 qnod
1641 2138 1710 2199 digna

74 2177 403 2261 ααέγίνοντο,θεωροῦντες
417 2182 476 2251 ἀξια
495 2189 547 2243 τῶν
571 2186 694 2246 κινδύνων
715 2189 816 2250 ἔπαθλα
838 2204 890 2263 τοῖς
933 2206 1042 2267 perieulis
1051 2209 1148 2270 proemia
1156 2210 1305 2264 vincentibus
1314 2219 1435 2279 proposita
1444 2226 1575 2271 renuerent
1609 2224 1709 2287 (bliga-

112 2269 205 2325 νικῶσι
225 2267 395 2348 προκείμενα.
439 2273 472 2347 (α)
487 2270 520 2330 ‘0
540 2273 563 2331 δ’
576 2273 731 2351 Ἀγαθοκλῆς
748 2283 814 2360 ὁρῶν
830 2282 889 2350 τοὺς
931 2294 1100 2358 tlroolesergo,
1113 2298 1200 2348 milites
1217 2301 1266 2360 jam
1286 2302 1379 2353 animos
1392 2318 1421 2355 ea
1440 2320 1542 2359 moerore
1559 2311 1668 2374 oolligere
1682 2320 1707 2363 et

112 2354 275 2433 στρατιώτας
286 2356 518 2433 ἀναλαμύάνοντας
528 2358 618 2427 αὑτοὺς
629 2365 658 2421 έκ
667 2368 714 2434 τῆς
723 2368 835 2445 ἀθυμίας
843 2371 888 2430 καί
931 2382 960 2431 ad
973 2383 1076 2445 pericula
1092 2387 1224 2446 paratiores
1235 2401 1288 2438 ease
1300 2390 1398 2450 ridens,
1414 2393 1495 2444 subito
1511 2398 1599 2446 maenia
1610 2399 1707 2451 incursu

109 2442 259 2521 προθύμους
272 2443 347 2510 ὄντας
370 2445 405 2510 εἰς
418 2445 477 2512 τοὺς
490 2447 633 2521 κινδύνους,
647 2449 675 2520 ἐξ
693 2453 783 2532 ἐφόδου
797 2458 886 2535 προςέ-
930 2469 1044 2519 adoritur.
1065 2475 1126 2530 Quae
1143 2475 1286 2537 oppugnatio
1298 2490 1373 2538 quum
1390 2491 1421 2527 err
1434 2480 1564 2543 improviso
1576 2486 1706 2549 renideret,

110 2529 176 2587 ύαλε
193 2534 246 2597 τοῖς
265 2532 386 2610 τείχεσιν.
428 2531 629 2614 Ἀπροςδοκῆτου
649 2537 677 2596 δέ
691 2543 736 2611 τῆς
750 2543 887 2614 ἐπιθέσεως
929 2563 954 2606 el
971 2558 1095 2620 oppidani,
1114 2560 1146 2609 ob
1166 2560 1285 2612 bellorum
1296 2564 1452 2628 imperitiam,
1470 2569 1500 2617 ad
1519 2570 1591 2622 breve
1611 2577 1707 2637 tempus

68 2641 95 2681 m
109 2617 263 2695 γενομένης,
275 2620 320 2679 καλ
332 2624 383 2679 τῶν
398 2620 468 2680 ένδον
482 2621 525 2679 διδ
542 2622 589 2694 τὴν
601 2623 707 2702 ἄγνοιαν
718 2630 763 2687 καὶ
775 2630 822 2701 τὴν
833 2637 884 2692 τῶν
929 2645 1098 2708 subsisterent,
1112 2649 1136 2697 ri
1149 2649 1231 2698 urbem
1249 2652 1328 2713 oepit,
1339 2667 1415 2715 eaque
1429 2656 1459 2705 ed
1478 2656 1636 2720 direptionem
1647 2676 1706 2711 non·

106 2706 230 2783 πολέμων
246 2708 366 2788 ἀπειρίαν
376 2708 461 2790 ὀλίγον
470 2710 636 2769 ὑποστάντων
653 2713 755 2793 χρόνον,
770 2709 822 2777 εἷλε
836 2719 884 2793 τλν
928 2725 1149 2784 memmium
1168 2728 1333 2789 Pfffldsslmlll
1352 2732 1473 2783 θῐθθῦθίθ
1487 2737 1594 2797 replevit·
1628 2742 1661 2801 (ll
1674 2745 1705 2792 Εἴ

106 2793 183 2851 nabal
197 2794 267 2852 κατδι
282 2794 387 2875 κράτος·
407 2796 465 2862 lob<
483 2794 510 2855 δὲ
529 2806 582 2864 τοῖς
596 2800 769 2879 στρατιώταις
783 2808 819 2872 εἰς
836 2808 884 2888 ἁρ-
927 2810 1039 2859 muliano
1050 2812 1122 2861 motis
1142 2813 1171 2861 nd
1190 2814 1292 2874 Album,
1304 2817 1340 2867 uti
1357 2823 1455 2878 rooant,
1469 2825 1587 2872 Tunetem
1603 2827 1703 2889 castus,

105 2879 206 2960 παγήν,
222 2881 348 2954 ἐνέπλησε
360 2881 408 2956 τῆν
423 2883 532 2961 δύναμιν
541 2886 667 2967 ὠφελείας
684 2889 742 2968 ἅμα
761 2892 806 2951 καὶ
819 2895 884 2978 balp-
928 2897 1010 2947 urbem
1021 2898 1312 2965 lupntestotemaorepit,
1322 2917 1377 2966 qnae
1391 2906 1427 2956 bis
1443 2909 1509 2958 mille
1527 2912 1609 2961 stadiis
1619 2926 1634 2960 a
1644 2916 1702 2963 car·

105 2971 175 3047 ρους.
218 2972 249 3047 (7)
262 2969 346 3037 Εύθθς
359 2970 386 3030 δδ
401 2971 445 3030 καλ
462 2974 527 3053 πρὸς
539 2972 583 3032 τὸν
604 2974 703 3035 Λευκὸν
716 2978 823 3051 Τύνητα
833 3006 882 3041 κα.
926 2985 1702 3060 tbaginedistat.captashasorbesprresidiisocoupandasmiles
1733 2998 1735 3001 ’

64 3071 92 3111 to
105 3054 231 3131 λούμενον
248 3057 386 3127 ἀναζεύξας
399 3060 559 3141 ἐχειρώσατο
572 3059 620 3133 τὴν
631 3062 716 3136 πόλιν,
732 3065 881 3146 ἀπέχουσαν
925 3073 1050 3132 censebam
1063 3074 1160 3137 jamque
1171 3076 1312 3137 acquisitam
1324 3079 1429 3139 praedam
1439 3080 1463 3130 in
1472 3094 1513 3131 eas
1524 3083 1699 3146 deposuerant:

106 3143 274 3223 Καρχηδόνος
288 3145 424 3225 διςχιλίους
438 3147 565 3215 σταδίους.
607 3148 766 3232 Ἀμφοτέρας
787 3152 815 3212 δέ
835 3158 882 3224 τὰς
925 3161 967 3211 sed
988 3162 1143 3223 Agathoclea,
1157 3169 1315 3213 consentanea
1332 3166 1404 3217 rebus
1419 3169 1582 3229 gestisanlmo
1597 3174 1700 3234 agitans,

104 3231 219 3298 ἁλούσας
231 3232 320 3300 πόλεις
334 3236 358 3292 οἱ
373 3231 420 3309 μέν
431 3239 590 3315 στρατιῶται
604 3237 784 3317 διαφυλάττειν
797 3242 880 3313 ἠύού-
924 3262 999 3311 quum
1011 3250 1103 3299 nullum
1117 3251 1216 3314 relinqui
1229 3252 1328 3314 perfugii
1344 3254 1424 3304 loourn
1431 3257 1543 3319 expedire
1553 3259 1642 3310 milites
1655 3262 1698 3310 do-

102 3320 180 3377 λοντο
205 3319 250 3377 καὶ
263 3319 310 3387 τδς
329 3320 453 3402 ὠφελείας
467 3323 503 3388 είς
520 3322 599 3389 αθτθις
619 3324 799 3384 ἀποτίθεσθαι·
820 3333 835 3387 θ
858 3332 879 3390 δ’
923 3336 1024 3398 ruisset,
1035 3350 1111 3399 usque
1124 3338 1181 3387 dnm
1193 3338 1279 3388 oollata
1291 3340 1383 3390 bostem
1402 3342 1453 3392 acio
1472 3342 1612 3408 devicisset,
1630 3348 1699 3397 nrbes

103 3403 263 3481 Ἀγαθοκλῆς
279 3407 407 3467 ἀκόλουθα
432 3416 485 3476 τοῖς
508 3408 701 3490 πεπραγμένοις
724 3412 879 3491 διανοηθείς,
922 3424 1407 3488 evertit,rastraqoesubdiooolloearit.

60 3513 89 3555 εε
102 3492 149 3551 καί
165 3492 269 3561 διδάξας
283 3493 313 3552 τδ
326 3498 423 3567 πλῆθος
436 3499 471 3561 ὡς
491 3495 614 3572 οὐδεμίαν
625 3497 749 3579 συμφέρει
759 3523 878 3584 καταφυ-

100 3578 152 3658 γὴν
166 3581 313 3654 ἀπολιπεῖν,
323 3582 371 3648 ἕως
381 3581 413 3640 ἀν
422 3581 566 3662 παρατάξει
575 3583 716 3660 νικήσωσι,
728 3586 880 3671 κατέσκαψέ

100 3690 130 3725 τε
143 3665 190 3733 τδς
203 3667 291 3735 πόλεις
300 3669 346 3727 καλ
359 3670 641 3749 κατεστρατοπέδευσεν
653 3674 680 3730 ἐν
692 3673 817 3755 ὑπαίθρῳ.

141 3758 190 3816 ΙΚ.
210 3758 245 3815 0t
259 3756 281 3814 δ’
296 3758 464 3837 ἐφορμοῦντες
476 3757 651 3836 Καρχηδόνιοι
664 3762 702 3838 τῷ
718 3763 876 3846 ναυστάθμῳ
951 3779 992 3825 ΙΧ.
1006 3779 1098 3826 interea
1109 3778 1325 3841 carthaginienses,
1336 3781 1376 3842 qni
1390 3794 1462 3843 prope
1478 3782 1605 3833 stationem
1623 3786 1692 3834 Siou-

98 3845 138 3922 τῷ
160 3845 326 3904 Σικελιωτῶν
337 3844 368 3902 τδ
382 3844 429 3923 μέν
442 3848 545 3925 πρῶτον
560 3848 667 3925 δρῶντες
678 3846 817 3922 καιομένας
830 3851 876 3919 τὰς
920 3869 997 3918 lorum
1010 3868 1177 3930 substiterant,
1190 3871 1342 3921 nbielassem
1353 3871 1578 3934 ridereincensam,
1591 3875 1695 3935 primum

56 3947 83 3985 to
98 3935 162 3997 ναῦς
181 3941 332 4013 περιχαρεῖς
346 3924 422 4004 ἦσαν,
442 3935 477 3998 ὣς
498 3931 541 3989 διὰ
560 3931 603 3990 τὸν
624 3932 670 3991 drt’
690 3936 774 3993 αὐτῶν
796 3936 875 4017 9όὸον
919 3958 966 4007 laeti
978 3961 1061 4016 erant,
1073 3958 1141 4020 qnasi
1154 3964 1219 4007 metu
1231 3959 1337 4022 ipsorum
1354 3960 1434 4009 bostea
1451 3972 1604 4031 eorrumpere
1622 3977 1695 4016 nares

97 4018 305 4094 δνθῦκαθίέθνων
316 4020 368 4076 τῶν
379 4017 512 4096 πολεμίων
523 4020 668 4101 Wlfflin
679 4020 712 4079 τὰ
727 4021 828 4103 (θάφθ’
840 4028 875 4091 ὡς
918 4057 993 4106 coacti
1002 4056 1116 4118 luisaeut3
1127 4058 1169 4107 sed
1188 4062 1343 4121 posteaquam
1360 4060 1385 4108 in
1405 4073 1474 4121 agros
1490 4073 1547 4108 snos
1560 4064 1693 4122 promoveri

97 4104 122 4162 δ,
138 4095 206 4162 ‘13⁰⁹
220 4107 256 4171 εἰς
266 4103 313 4176 *ἢν
335 4104 425 4184 χώραν
438 4104 605 4185 προάγουσαν
622 4103 670 4176 τὴν
686 4110 738 4164 τῶν
753 4108 875 4168 ἐναντίων
918 4149 1016 4199 lrostiles
1024 4151 1107 4211 eopias
1118 4149 1243 4210 riderent,
1259 4150 1317 4213 qnid
1327 4156 1468 4201 eventurum
1482 4155 1547 4204 esset
1557 4154 1693 4215 oonJeolan·

97 4190 217 4267 &dmm
230 4191 437 4270 συλλοίῑζόμενοι
446 4192 506 4271 περὶ
519 4194 570 4249 τῶν
580 4192 793 4270 ἀποὸησομένων’
808 4218 873 4271 Μ’
917 4244 966 4295 tes,
976 4251 1047 4286 snum
1059 4238 1206 4286 indemnem
1218 4238 1281 4287 illam
1298 4239 1395 4289 narlnm
1404 4240 1523 4301 jacturam
1541 4258 1595 4294 ease
1607 4247 1691 4294 laetam

96 4277 178 4360 ρορδν
193 4278 261 4337 ἰδίαν
272 4284 382 4356 ἡγοῦντο
392 4279 499 4350 τὴντῶν
508 4282 572 4337 νεῶν
583 4279 726 4341 ἀπώλειαν.
767 4282 814 4341 Διδ
827 4282 873 4340 καὶ

53 4384 79 4423 ιε
93 4375 153 4433 ταῖς
166 4365 282 4447 πρῴραις
296 4366 392 4448 δέρρεις
404 4366 599 4443 κατεπέτασαν,
611 4366 676 4447 ὅπερ
691 4368 731 4426 ἀεὶ
745 4373 826 4427 ποιεῖν
840 4373 874 4429 εἰ·

91 4454 204 4526 όνθασιν,
215 4452 277 4512 ὅταν
288 4477 314 4512 τι
325 4455 405 4512 κακὸν
422 4453 535 4534 δημοσία
549 4452 745 4530 συμύεόηκέναι
760 4454 819 4533 δοἙῃ
838 4460 871 4536 τῇ

94 4541 286 4621 Καρχηδονίων
296 4542 381 4601 πόλει.
425 4542 456 4620 (α)
468 4539 586 4601 Ἕλαόον
609 4540 636 4599 δέ
652 4540 697 4599 καλ
711 4542 744 4600 τδι
764 4543 871 4621 χαλκόν-

92 4655 168 4710 ματα
182 4635 234 4690 τῶν
248 4631 432 4710 Ἀγαθοκλέους
453 4635 516 4690 νεῶν
534 4633 571 4698 εἰς
586 4629 632 4698 τδς
654 4630 720 4699 ἰδίας
746 4633 870 4713 τριήρεις,

90 4720 138 4780 καλ
152 4718 213 4787 τοθς
235 4722 446 4798 ἀπαγγελοῦντας
460 4718 525 4799 θπέρ
536 4722 588 4776 τῶν
602 4718 806 4795 συμόεόηκότων
819 4723 869 4779 τά·
975 4793 980 4804 ι
1180 4792 1186 4803 ¹
1280 4792 1285 4803 1
1447 4792 1453 4803 ⁶
1665 4794 1670 4806 ¹

50 4808 180 4890 ωκριόές
201 4805 386 4875 ἐξαπέστειλαν
407 4811 443 4874 είς
462 4806 509 4877 τλν
532 4807 705 4888 Καρχηδόνα.
748 4806 816 4888 Πρὶν
841 4809 869 4867 δὲ
913 4797 1060 4856 nuntiarent,
1076 4793 1242 4895 carthaginem
1253 4804 1348 4894 misere.
1380 4796 1557 4894 atprmsqnam
1577 4793 1614 4853 bl,
1629 4794 1686 4857 and

86 4894 197 4960 τούτους
211 4895 329 4966 δηλῶσαι
342 4893 373 4953 τὸ
389 4894 504 4973 γεγονός,
519 4893 571 4952 ἀπὸ
585 4898 632 4965 τῆς
648 4892 813 4975 χώραςῃνρς
833 4898 870 4953 αῖ.
913 4887 1001 4936 laetum
1020 4891 1097 4944 esset,
1115 4883 1246 4933 indicatum
1265 4884 1385 4944 venirent,
1400 4881 1541 4945 andamex
1559 4897 1631 4945 agro,
1645 4885 1686 4946 qnl

86 4983 213 5059 σθόμινοι
226 4981 270 5040 τὸν
283 4981 434 5040 κατάπλουν
445 4986 491 5040 τοῦ
504 4980 869 5060 Ἀγαθοκλέους,ἀπῆγγειλαν
911 4974 1287 5038 <³¹⁸⁸l¹⁰¹¹¹stti¹³¹l¹⁰⁰¹i³fluminelli
1298 4979 1496 5034 temnibilem
1517 4988 1615 5076 {impete
1627 4978 1684 5077 Cat:
1791 5042 1794 5046 ,

85 5069 159 5131 κατὰ
172 5068 288 5139 σπουδὴν
296 5074 350 5137 τοῖς
364 5069 560 5151 Καρχηδονίοις.
601 5071 631 5146 (a)
640 5071 678 5134 οἱ
693 5071 714 5127 δ’
725 5068 867 5147 ἐκπλαγέν.
911 5067 1097 5131 maginienslbna
1112 5067 1292 5117 nuntiaverunt.
1325 5066 1360 5127 (3)
1376 5068 1423 5124 Qui
1441 5071 1564 5130 repentino
1582 5065 1684 5129 perouler

85 5182 130 5225 τες
148 5154 194 5216 διδ
212 5155 243 5214 τδ
264 5156 409 5238 παράδοξον
423 5155 553 5216 θπέλαύον
565 5153 785 5223 ἀπολωλίναιτδις
799 5156 865 5224 ἰδίας
911 5160 1104 5223 evermerum
1114 5172 1171 5209 suas
1186 5161 1236 5210 mm
1253 5158 1349 5209 navales
1360 5172 1432 5223 quarn
1444 5162 1568 5210 terrestres
1584 5158 1685 5207 interna·

198 5270 324 5307 blomne.
339 5272 364 5307 ll·

915 4328 1099 4377 arbitrabantur.
1132 4328 1294 4384 Quamobrem
1303 4329 1376 4391 pellea
1387 4331 1411 4380 iu
1429 4335 1506 4396 proris
1517 4334 1567 4383 ania
1575 4333 1691 4396 expande·

916 4422 985 4480 runt,
996 4419 1060 4482 qnod
1079 4419 1153 4468 moris
1168 4422 1205 4470 est
1217 4418 1322 4469 iactitare
1334 4427 1462 4484 perpetuo,
1475 4425 1494 4472 si
1506 4424 1563 4487 qnid
1575 4422 1631 4471 mali
1648 4427 1691 4474 rai·

915 4512 1016 4576 publicae
1028 4511 1260 4573 carthaginiensium
1278 4511 1406 4572 contigisse
1427 4512 1545 4562 rideatur.
1579 4515 1613 4576 (a)
1627 4516 1689 4572 Quin

914 4604 985 4653 etiam
1005 4604 1148 4652 tentamenta
1166 4616 1180 4651 e
1196 4601 1298 4650 naribus
1313 4601 1449 4661 agarnmns
1465 4603 1489 4650 in
1509 4603 1618 4652 triremes
1634 4617 1690 4653 anas

914 4700 1066 4760 receperunt,
1077 4701 1102 4745 et
1113 4696 1155 4759 qni
1166 4708 1216 4745 rem
1227 4708 1337 4755 emnem,
1347 4701 1375 4745 ut
1394 4701 1519 4757 evenerat,
1535 4702 1643 4749 accurata
1653 4713 1688 4748 re·
