3994 5914
139 448 275 522 (mm.)
667 441 828 501 nrononr
846 440 970 502 srcnur
990 443 1063 503 nro.
1086 444 1179 504 xvrr.
1675 462 1727 511 μη

133 614 182 648 τει,
224 590 256 665 (ι)
271 588 399 665 Ταραχῆς
413 585 441 645 δέ
449 587 547 655 πολλῆς
558 582 711 662 γενομένης,
722 589 736 643 ὁ
748 587 842 665 Πῶρος
852 607 911 642 συν-
957 596 1042 655 lingna
1053 594 1109 643 trine
1120 594 1297 657 perturbatione
1306 601 1402 655 exorta,
1414 599 1505 657 Porus,
1524 610 1597 657 qrrruu
1613 611 1662 659 quo
1680 599 1732 648 loon

134 676 197 735 ιδδιν
210 674 242 733 τθ
258 674 401 753 γινόμενον,
418 673 464 733 καὶ
484 672 640 748 τεταγμένος
653 670 696 729 ἐπὶ
714 677 759 729 τοῦ
773 672 913 752 κρατίστου
957 694 995 730 res
1012 681 1101 742 iurent,
1122 682 1338 743 animadverteret,
1356 683 1512 745 elephantum
1536 686 1733 745 prestantissimo

133 768 188 822 τῶν
202 762 361 843 έλεφόντων,
374 762 478 841 ἤθροισε
492 759 553 839 περὶ
567 759 643 818 αὑτὸν
658 759 850 839 τετταράκοντα
862 763 913 818 τῶν
956 767 1076 828 insidens,
1088 768 1119 818 de
1128 768 1215 818 belluis
1226 769 1382 832 quadraginta
1393 769 1499 819 noudum
1513 773 1674 821 consternatas
1684 772 1732 821 eir·

133 849 231 927 θηρίων
245 848 279 906 τθι
290 848 372 925 μήπω
387 847 584 927 τεταραγμένα,
599 847 643 905 καὶ
657 850 694 927 τῷ
706 848 780 927 βσίρει
793 851 844 905 τῶν
857 848 913 904 ἐλε-
956 868 1049 905 eumse
1062 857 1193 906 eonsistere
1206 857 1283 918 jubet.
1317 859 1347 907 Et
1364 859 1409 906 boe
1427 858 1521 918 agmine
1537 858 1691 919 impressione
1709 860 1733 912 in

105 937 241 1016 υφσίντων
259 936 391 998 ἐπιβολῶν
403 936 456 1001 τοῖς
470 935 618 1011 πολεμίοις,
632 934 715 992 πολὺν
728 934 809 993 ἐποίει
829 934 913 1012 φόνον,
957 943 1051 992 bostem
1061 943 1135 1005 isnin,
1146 957 1256 1006 magnam
1272 944 1435 1005 editeaedem,
1447 959 1476 993 eo
1489 946 1656 1007 potissimum,
1669 946 1734 1008 quod

135 1022 285 1100 ἅτεκαὶτῇ
302 1023 377 1103 ῥώμη
391 1027 435 1079 τοῦ
450 1020 570 1097 σώματος
584 1022 650 1080 πολὺ
665 1021 783 1101 προέχων
797 1024 849 1078 τῶν
867 1044 914 1078 συ·
957 1029 1259 1093 viribuseorporisomnes
1271 1045 1352 1080 secum
1364 1032 1493 1081 militantes
1507 1032 1642 1094 superabat.
1675 1036 1735 1083 llum
1787 1073 1791 1080 .

134 1110 360 1188 στρατευομένων·
375 1109 405 1166 τὸ
423 1107 473 1189 γὰρ
489 1113 569 1179 μῆκος
580 1101 612 1179 ἦν
635 1113 729 1188 πηχῶν
744 1108 834 1181 πέντε,
847 1107 876 1166 τὸ
891 1109 913 1164 δ’
960 1117 1054 1166 cubitos
1065 1119 1171 1180 quinque
1183 1119 1266 1181 longus
1278 1124 1342 1179 erat,
1354 1120 1513 1169 crassitudine
1523 1125 1604 1169 sutem
1616 1124 1695 1180 ίοοίε,
1709 1126 1736 1169 ut

136 1189 209 1276 εὖρος
218 1201 336 1277 ὑπῆρχεν
348 1195 456 1275 θθόιραξ
467 1199 546 1254 αὐτοῦ
557 1196 690 1262 διπλάσιος
701 1199 751 1252 τῶν
765 1196 850 1252 ἄλλοιν
863 1199 914 1253 τῶν
957 1202 1044 1251 thorax
1055 1203 1106 1263 ejus
1119 1204 1192 1265 duplo
1204 1204 1329 1254 excederet
1341 1206 1425 1254 loricas
1436 1210 1583 1267 ceterorum,
1597 1207 1638 1269 qni
1653 1207 1736 1257 robore

136 1285 265 1365 εὐρωστίᾳ
278 1285 459 1364 διαφερόντων.
483 1286 513 1361 (s)
529 1283 625 1363 Διόπερ
639 1282 672 1342 τδι
690 1284 839 1360 βαλλόμενα
850 1306 914 1341 σαυ-
957 1290 1109 1338 excellerent.
1143 1291 1176 1351 (5)
1187 1291 1349 1347 Quamobrem
1365 1295 1455 1342 remiis
1470 1293 1539 1342 abeo
1549 1292 1733 1356 projectistantn

94 1387 125 1426 tn
133 1374 177 1431 νέα
187 1373 311 1444 τοιαύτην
321 1363 376 1451 εἶχε
387 1370 506 1449 δύναμιν,
517 1371 581 1436 ῶςτε
593 1371 631 1447 μὴ
638 1370 704 1428 πολθ
716 1370 849 1429 λείπεσθαι
863 1374 914 1428 τῶν
958 1376 995 1424 vis
1006 1375 1094 1435 inerst,
1105 1379 1132 1425 ut
1145 1390 1191 1425 non
1202 1378 1305 1426 multum
1317 1379 1375 1427 eitra
1383 1368 1607 1446 cnupntraejsctnm
1619 1381 1736 1431 subsiste·

134 1462 336 1518 καταπελτικῶν
349 1461 441 1538 βελῶν.
482 1462 543 1518 Τῶν
558 1458 579 1515 δ’
590 1455 812 1536 ἀντιτεταγμένων
823 1460 914 1515 Μακε·
959 1464 1019 1511 rent.
1053 1464 1738 1528 lireevirtntisinPoroerninentiatlseedonibus,eontrs

135 1547 218 1605 δόνων
231 1545 493 1623 καταπεπληγμένων
502 1544 549 1616 τὴν
560 1543 735 1625 ἀνδραγαθίαν
744 1549 789 1601 τοῦ
801 1542 913 1621 Πώρου,
960 1549 1028 1597 iilum
1041 1547 1065 1597 in
1081 1549 1132 1597 anie
1142 1550 1273 1610 stantibus,
1288 1550 1394 1599 nonnihil
1404 1552 1500 1601 terroris
1510 1552 1630 1612 injeeeral.
1662 1555 1737 1615 Sagit-

134 1640 150 1693 b
164 1633 333 1713 Ἀλέξανδρος
357 1632 595 1714 μεταπεμψάμενος
611 1631 669 1698 τοθς
689 1630 793 1699 τοξότας
817 1630 862 1689 καί
882 1630 915 1689 τὰ
959 1636 1025 1684 tnrils
1033 1636 1105 1697 igitur
1114 1640 1139 1685 et
1146 1637 1206 1685 lexis
1217 1638 1344 1687 sunatnrae
1357 1638 1482 1686 ordinibus
1497 1638 1591 1698 escitis,
1603 1639 1738 1691 Alexander

134 1721 228 1800 ψιλικὰ
237 1725 290 1778 τῶν
299 1721 452 1797 ταγμάτων,
463 1718 614 1799 προςέταξτν
626 1718 743 1784 ἅπαντας
756 1718 861 1796 βάλλειν
872 1718 916 1776 ἐπὶ
960 1721 1086 1781 edicit,ut
1106 1736 1190 1772 ornnes
1209 1723 1288 1785 ipsum
1300 1726 1388 1772 Porurn
1405 1725 1459 1773 telis
1477 1725 1604 1774 incessant.
1639 1727 1673 1787 (o)
1692 1726 1737 1788 lli,

95 1821 124 1860 1ο
138 1808 185 1866 τὸν
200 1812 305 1889 Πῶρον.
348 1810 379 1885 (ο)
391 1806 468 1885 Ταχὺ
483 1805 510 1864 δὲ
525 1810 577 1864 τῶν
587 1809 752 1885 στρατιωτῶν
762 1804 916 1885 πραξάντων
959 1809 1184 1871 quodjusstemm,
1203 1815 1328 1872 peragunt.
1358 1815 1422 1872 Ergo
1438 1810 1497 1860 dum
1516 1812 1599 1861 erebro
1613 1812 1637 1861 in
1650 1813 1738 1863 ludum

134 1895 167 1953 τό
184 1895 374 1975 παραγγελθέν,
394 1894 440 1952 καὶ
455 1895 537 1972 βελῶν
557 1893 615 1970 ἅμα
636 1894 739 1950 πολλῶν
762 1891 915 1970 ἐνεχθέντων
959 1896 1058 1944 missilis
1066 1902 1234 1959 congeruntur,
1247 1910 1304 1958 neo,
1316 1898 1380 1960 quod
1395 1901 1461 1947 tanta
1477 1899 1565 1948 letibus
1576 1901 1652 1950 moles
1663 1914 1736 1964 expo·

136 1982 183 2039 ἕπὶ
196 1983 239 2040 τὸν
252 1982 344 2054 Ἰνδόν,
359 1981 405 2039 καί
418 1981 522 2038 πάντων
535 1979 758 2058 ἐπιτυγρανόντων
771 1977 855 2037 διὰτὸ
868 1979 915 2056 μέ·
960 1983 1005 2031 sita
1016 1986 1094 2043 esset,
1104 1983 1228 2046 nbersant,
1236 1985 1430 2046 Porustendem,
1440 1999 1496 2035 enm
1508 1987 1738 2050 lreroieedenngnas·

134 2074 211 2147 γεθος
226 2075 273 2128 τοῦ
285 2074 399 2145 σκοποῦ,
415 2072 429 2126 δ
447 2067 494 2145 μὲν
511 2072 604 2147 Πῶρος
616 2070 734 2147 ἡρωικῶς
751 2067 917 2144 ἀγωνισάμε-
960 2075 1009 2130 set,
1021 2083 1072 2133 pun
1089 2071 1242 2122 multitudine
1257 2074 1536 2136 vulnerumexsnnguis,
1547 2076 1627 2125 animo
1643 2076 1737 2137 definit,

137 2181 193 2229 νος,
208 2157 254 2215 καί
265 2156 309 2215 iul
323 2157 352 2215 τό
361 2157 458 2226 πλῆθος
471 2159 522 2212 τῶν
533 2154 690 2236 τραυμάτων
700 2152 835 2232 γενόμενος
847 2153 915 2222 ἔξαι-
959 2157 1085 2207 etririnus
1100 2158 1358 2210 inlmelisebellnnnd
1373 2162 1600 2212 terramdelsbitnr.
1635 2164 1669 2225 (7)
1682 2166 1737 2214 Mox

95 2263 203 2323 ωμσς,
223 2244 402 2325 ἐλιποψύχησε
422 2243 468 2301 καί
491 2241 673 2323 περικλασθείς
698 2241 758 2321 περὶ
780 2240 810 2299 τὸ
828 2242 915 2322 θηρίον
958 2243 1078 2306 divulgato
1098 2259 1193 2296 rumore
1209 2248 1273 2310 qnod
1293 2262 1335 2298 rex
1353 2250 1506 2313 oppetiisset,
1518 2251 1609 2314 reliqna
1623 2250 1738 2301 indorum

135 2332 203 2413 πρὸς
215 2330 263 2403 τλν
283 2337 333 2410 γῆν
351 2330 508 2408 κατηνέχθη.
551 2328 766 2407 (sidunensium
784 2327 915 2410 δὲφήμης
959 2332 1087 2382 mullitudo
1099 2334 1297 2397 tirgamarripnit.

135 2419 180 2477 ότι
199 2417 381 2489 τετελεύτηκεν
407 2421 421 2475 θ
444 2415 579 2497 βασιλεύς,
594 2415 624 2474 τθ
635 2414 728 2473 λοιπὸν
747 2415 844 2486 πλῆθος
862 2420 915 2475 τῶν

137 2508 229 2568 Ἰνδῶν
240 2504 305 2585 πρὸς
320 2503 404 2584 φυγὴν
418 2503 550 2583 ὥρμησεν.

180 2594 340 2655 LXXXIX.
362 2591 410 2651 Ἐν
425 2591 452 2649 δὲ
466 2595 499 2669 τῇ
513 2594 582 2671 φυγῇ
601 2591 698 2649 πολλοῦ
715 2589 792 2670 φόνου
806 2591 915 2669 γενομέ-
989 2597 1115 2645 Llllllltll.
1137 2598 1164 2645 lu
1179 2588 1233 2658 'qua
1253 2596 1307 2657 iuga
1329 2610 1404 2659 quum
1421 2610 1506 2659 magua
1522 2600 1626 2652 bostium
1648 2605 1739 2662 strages

93 2694 123 2735 u
135 2706 193 2755 νου,
207 2685 222 2740 θ
236 2679 283 2758 μέν
298 2677 462 2757 Ἀλέξανδρος
475 2679 596 2757 ἐπιφανεῖ
608 2676 683 2755 μάχῃ
697 2676 806 2748 νικήσας
820 2681 913 2736 ἀνεκα-
959 2682 1020 2732 lucta
1040 2688 1117 2743 esset,
1139 2684 1280 2745 Alexander,
1304 2685 1387 2746 praelio
1402 2692 1450 2734 tam
1468 2686 1554 2735 illustri
1576 2687 1659 2747 victor,
1682 2689 1740 2738 tuba

135 2768 234 2829 λέσατο
246 2772 279 2846 τῇ
293 2765 419 2843 σάλπιγγι
438 2764 498 2830 τοὺς
517 2762 686 2844 στρατιώτας.
719 2761 834 2824 Ἔπεσον
847 2765 869 2823 δ’
888 2768 914 2823 έν
958 2775 1067 2833 receptu
1074 2770 1167 2831 signum
1177 2771 1250 2820 dedit
1260 2772 1430 2822 Occubnernnt
1438 2774 1519 2822 sutem
1529 2773 1573 2822 lree
1582 2787 1661 2836 pugne
1670 2774 1740 2824 ludo·

137 2861 173 2932 τῇ
180 2856 255 2933 μοίρῃ
267 2857 320 2912 τῶν
333 2853 422 2912 Ἰνδῶν
431 2850 535 2917 πλείους
546 2854 598 2908 τῶν
613 2850 712 2931 μυρίων
724 2850 768 2908 καί
776 2851 914 2930 semitm,
958 2871 1012 2905 rum
1023 2856 1103 2919 plnres
1114 2871 1185 2920 qnnrn
1195 2857 1321 2907 duodecim
1332 2858 1405 2907 millis
1416 2874 1422 2907 ι
1436 2860 1565 2922 intorques
1576 2860 1625 2909 dun
1635 2863 1689 2911 Pori
1698 2861 1740 2911 lilii

142 2947 173 3001 ἐν
185 2932 223 3008 οἷς
235 2945 353 3019 ὑπῆρχον
364 2938 410 2997 καί
424 2937 469 2996 δύο
480 2937 530 2997 υίοί
543 2943 588 2996 τοῦ
602 2936 698 3016 Πώρου
709 2938 788 2996 καλοί
801 2960 914 3017 στρατη·
958 2944 1094 3007 summique
1114 2946 1232 2995 exereitus
1250 2946 1356 3008 preteeti
1379 2952 1403 2996 et
1419 2947 1508 2996 dueum
1524 2948 1649 2997 clarissimi
1668 2949 1739 3022 luero·

134 3028 181 3106 γαί
195 3026 242 3086 καὶ
261 3030 285 3085 oi
300 3024 500 3106 ἐπιφανέστατοι
513 3028 565 3082 τῶν
578 3026 721 3101 ἡγεμόνοιν.
768 3025 798 3100 (ε)
814 3027 915 3088 Ζῶντες
958 3032 992 3093 (2)
1002 3032 1057 3080 Viri
1068 3036 1149 3095 autern
1160 3032 1185 3080 in
1194 3032 1293 3081 vintoris
1302 3046 1389 3081 uranus
1403 3033 1535 3096 plusquam
1545 3034 1628 3084 novies
1640 3035 1705 3084 mille
1714 3041 1739 3084 et

92 3137 122 3176 to
137 3115 270 3195 δθᾶνδρες
283 3113 403 3172 έαίλωσαν
416 3109 481 3191 ὑπὲρ
495 3110 553 3178 τοθς
567 3111 765 3190 ίνακιςγιλίους,
779 3110 914 3192 ίλέραντες
957 3118 1077 3177 octogiuta
1086 3118 1205 3179 elephanti
1215 3123 1338 3167 venerunt.
1372 3119 1465 3182 Etonia
1475 3120 1576 3180 spiritus
1584 3121 1663 3170 adbuc
1674 3135 1738 3171 eorn-

135 3202 166 3262 δὲ
177 3201 347 3279 ὀγδοήκοντα·
359 3197 436 3262 αὐτὸς
445 3195 472 3254 δὲ
486 3200 501 3254 θ
514 3199 607 3277 Πῶρος
619 3196 730 3274 ἔμπνους
739 3196 775 3255 ὧν
784 3198 921 3277 παρεδόθη
959 3218 1002 3266 μοι
1017 3209 1067 3253 eret
1082 3207 1172 3263 Porus,
1184 3205 1283 3253 curandi
1299 3204 1363 3254 illins
1374 3206 1499 3266 'negotium
1517 3206 1583 3255 ludis
1600 3208 1742 3257 ιενειιθιιῑιιτ.Δ

137 3282 426 3365 τσῖςἸνδοῖςπρδςτ-λν
439 3280 588 3359 θεραπείαν.
631 3285 661 3359 (a)
676 3286 738 3342 Τῶν
752 3282 779 3341 δὲ
793 3284 914 3342 Μακεδό·
959 3291 993 3352 (tl
1012 3290 1227 3341 dutiaeedonibns
1247 3294 1328 3340 arrtem
1348 3292 1441 3353 equites
1455 3292 1552 3341 ducenti
1570 3294 1739 3355 etoetogintn,

137 3399 190 3432 νων
204 3374 297 3431 ἔπεσον
312 3370 360 3447 μὲν
370 3371 457 3436 ίππεῖς
471 3367 597 3427 διακόσιοι
607 3369 915 3446 καλόγδοηκοντα,πεζο“ι
959 3377 1051 3440 pedites
1060 3378 1289 3441 nltrnseptingentos
1297 3377 1413 3428 decidere.
1446 3379 1541 3437 Quibus
1550 3393 1591 3429 rex
1599 3381 1664 3442 iusta
1673 3394 1739 3444 pera·

138 3458 284 3523 diuisione
298 3460 350 3514 τῶν
360 3454 533 3514 ἑπτακοσίων.
575 3453 608 3514 ‘0
623 3453 853 3533 δὲβασιλεθςτοθς
867 3453 914 3533 μὲν
958 3464 1034 3526 genua
1042 3466 1419 3529 curs12snperstitesautem‚qui
1427 3466 1531 3516 bonosin
1540 3467 1665 3530 pugnando
1676 3469 1739 3519 viros

94 3570 124 3609 as
136 3543 356 3616 τετελευτηκότας
367 3541 462 3621 ἔθαψε,
476 3540 534 3608 τοὺς
549 3540 576 3599 δέ
588 3539 834 3621 ἀνδραγαθήσαντας
847 3542 915 3600 κατὰ
959 3552 1155 3612 seexlribneraut,
1163 3567 1205 3616 pro
1215 3553 1412 3616 meritupraemiis
1420 3555 1568 3604 colionestst.
1586 3556 1665 3606 Solem
1677 3570 1739 3618 prn-

136 3633 185 3704 τλν
196 3633 271 3701 ἀξίαν
281 3630 415 3708 ἐτίμησεν,
428 3628 504 3696 αὐτὸς
515 3627 543 3687 δέ
552 3628 636 3709 Ἡλίῳ
646 3628 744 3701 ἔθυσεν,
753 3632 787 3695 ὡς
794 3628 916 3687 δεδωκότι
961 3645 1037 3700 terea,
1049 3640 1119 3700 cuins
1129 3640 1248 3690 benetieio
1257 3646 1336 3704 perles
1346 3642 1453 3691 Orientis
1466 3642 1612 3705 subegisset,
1624 3644 1741 3693 sacrillelo

136 3719 249 3798 τὰπρδς
263 3716 395 3787 ἀνατολὴν
409 3715 475 3796 μέρη
489 3714 730 3796 καταστρέψασθαι.
774 3718 805 3793 (t)
820 3719 877 3787 Τῆς
888 3715 916 3774 δί
959 3731 1092 3776 veneratur.
1127 3728 1161 3789 (t)
1175 3728 1279 3776 ltlultum
1289 3728 1740 3791 ricinimontesabietisproreroe,ueo

138 3807 251 3879 πλησίον
266 3809 367 3883 ὀρεινῆς
381 3802 491 3883 ἐχούσης
504 3802 603 3875 πολλὴν
616 3802 771 3880 μὲνέλοίτην
784 3802 915 3884 εθτροφον,
959 3827 1043 3875 parum
1052 3814 1118 3862 eedn'
1134 3828 1162 3863 ae
1179 3815 1266 3877 piceae,
1285 3815 1392 3878 εθοοηιιο
1403 3816 1491 3877 largam
1511 3816 1619 3866 ruaterleo
1637 3817 1739 3867 naribus
1815 3822 1818 3826 ‘

137 3896 186 3953 οῦκ
195 3894 286 3971 ὀλίγην
301 3890 328 3950 δί
341 3890 429 3970 κέδρον
441 3890 486 3948 καὶ
497 3888 605 3962 πεύκην,
617 3889 655 3947 ἔτι
666 3888 693 3947 δὲ
705 3894 750 3961 τῆς
764 3889 845 3961 ἄλλης
854 3889 917 3963 θλης
959 3900 1127 3949 construendis
1143 3900 1237 3950 idoneae
1248 3903 1342 3964 eopiuru
1358 3903 1515 3952 sullieiebnut.
1549 3905 1736 3966 llinoqnsntum

14 4014 19 4027 ·
94 4000 124 4039 tn
138 3978 340 4058 ναυπηγησίμου
354 3980 450 4049 πλῆθος
465 3976 583 4057 ἄφθονον,
596 3966 773 4035 κατεσκεύασε
787 3983 848 4044 ναῦς
856 3980 917 4034 lxe-
960 3987 1018 4035 satis
1027 3990 1091 4036 esset
1105 3988 1200 4037 nauium
1212 3989 1354 4039 construxit.
1387 3990 1421 4051 (5)
1436 3993 1497 4040 Num
1513 3991 1739 4041 simulantermiuos

140 4066 194 4133 νσίς.
238 4066 269 4143 (s)
287 4069 417 4125 Διενοεῖτο
430 4064 481 4145 γὰρ
494 4064 538 4121 ἐπὶ
548 4063 578 4121 τὸ
590 4062 673 4144 τέρμα
684 4068 730 4134 τῆς
741 4064 853 4135 Ἰνδικῆς
861 4088 916 4121 πα·
960 4074 1033 4122 lnrlire
1042 4074 1174 4136 attigisset,
1185 4076 1292 4125 subactis
1305 4076 1352 4125 illic
1363 4077 1487 4138 gentibus,
1500 4091 1542 4139 per
1553 4078 1643 4127 llumeu
1659 4078 1738 4140 ipsum

139 4152 312 4233 ραγτνόμενος
327 4151 372 4210 καί
385 4152 485 4216 πάντας
499 4152 556 4216 τοὺς
577 4149 716 4229 ἐγχωρίους
734 4149 918 4231 καταστρεψό-
959 4161 1047 4209 intrare
1056 4164 1177 4209 Oemnuur
1195 4163 1275 4211 enimn
1286 4164 1435 4225 conceperat.
1469 4164 1740 4224 (ollnterlmdnaslllio

138 4264 215 4317 μενος
227 4240 271 4298 διὰ
282 4244 329 4297 τοῦ
341 4243 461 4313 ποταμοῦ
470 4238 612 4296 καταπλεῖν
624 4240 660 4302 είς
672 4236 716 4295 τθν
731 4237 867 4296 Ὠκεανόν.
884 4239 914 4315 (ο)
960 4247 1031 4296 urbes
1042 4247 1123 4297 eondit
1135 4262 1141 4294 τ
1154 4261 1226 4296 uuam
1245 4249 1268 4297 in
1287 4249 1338 4310 ripa
1351 4250 1457 4298 fluminis
1468 4249 1595 4311 ulteriore,
1608 4251 1649 4299 nbl
1661 4255 1738 4299 trans·

137 4326 251 4389 ’Βιτισε
274 4325 302 4385 δί
316 4325 361 4384 δύο
380 4325 482 4396 πόλεις,
501 4325 549 4395 τὴν
563 4323 610 4399 μέν
629 4323 712 4404 πέραν
728 4330 775 4383 τοῦ
797 4331 916 4402 ποταμοῦ
960 4335 1073 4395 miserst;
1088 4335 1200 4394 alteram,
1214 4335 1254 4383 nbi
1270 4336 1417 4385 Pornmacie
1429 4337 1527 4386 vicerat.
1560 4341 1590 4385 tlt
1608 4337 1663 4398 qnia
1677 4339 1737 4385 mul·

95 4431 125 4470 ss
136 4417 197 4474 καθ’
220 4413 250 4472 δν
263 4412 342 4472 τόπον
365 4412 439 4478 αὐτὸς
458 4411 547 4482 διέόη,
565 4410 612 4481 τὴν
631 4411 652 4468 δ’
667 4411 749 4483 ἄλλην
767 4414 793 4468 ἐν
808 4402 917 4493 ,ῶτόπῳ
959 4424 1039 4469 torum
1052 4420 1163 4468 menibus
1182 4420 1229 4468 bne
1246 4433 1318 4482 opera
1334 4421 1509 4480 conterebatur,
1528 4428 1657 4481 utrumque
1674 4434 1737 4483 opus

137 4503 183 4561 τὸν
198 4504 293 4579 Πῶρον
308 4499 421 4570 ἐνίκησε.
462 4497 540 4578 Ταχθ
554 4495 581 4556 di
595 4501 646 4555 τῶν
659 4496 915 4578 έργωνκατασκευα·
959 4505 1008 4554 olto
1018 4504 1734 4567 nerdeitnr.pornrunntem,uiribusrestitutnrn,inregni,

137 4588 251 4648 σθίντων
266 4586 309 4646 διδ
319 4585 367 4657 τὴν
376 4587 554 4666 πολυχειρίαν,
569 4584 612 4643 τὸν
622 4586 669 4661 μὲν
683 4588 777 4664 Πῶρον
788 4589 917 4665 θεραπευ-
959 4590 1024 4653 quod
1042 4594 1162 4650 tenuerat,
1179 4592 1354 4653 possessionem
1375 4595 1472 4652 propter
1491 4590 1604 4640 virtutem
1622 4591 1736 4643 restituit.

136 4675 216 4734 θέντα
233 4673 345 4753 βασιλέα
358 4672 503 4743 κατέστησε
523 4670 565 4730 διδ
579 4671 626 4741 τὴν
638 4670 732 4752 ἀρετὴν
746 4665 778 4743 ἧς
792 4672 916 4752 πρότερον
960 4677 1081 4727 Exercitui
1096 4678 1183 4737 etiem,
1194 4677 1251 4740 qnia
1266 4689 1361 4725 summe
1379 4677 1489 4726 illiceret
1502 4677 1740 4728 commeatusabun·

136 4754 206 4842 ἦρχε
218 4761 317 4839 χώρας
343 4758 391 4830 τὴν
410 4758 437 4817 di
461 4758 569 4835 δύναμιν
592 4758 636 4817 ἐπὶ
655 4759 793 4837 τριάκοντα
816 4759 916 4839 ἡμέρας
960 4765 1053 4825 dunila,
1065 4764 1159 4826 triginta
1170 4764 1262 4813 dimum
1276 4762 1563 4826 quietetuadrelleienda
1573 4776 1673 4826 corpora
1684 4777 1738 4815 eon·

93 4847 373 4919 Ιθᾶνελαόε,πολλῆς
387 4845 507 4926 ἀφθονίας
520 4845 598 4915 οὔσης
609 4848 661 4903 τῶν
675 4845 836 4917 ἐπιτηδείων.
959 4851 1031 4901 cedit.

177 4930 238 4989 XC.
261 4924 341 4986 ’ίδιον
358 4922 386 4982 δέ
411 4947 436 4981 τι
457 4922 525 4982 κατδι
546 4922 594 4993 τὴν
615 4924 714 5002 ὀρεινὴν
735 4923 782 4994 riu
807 4923 917 4995 πλησίον
990 4932 1039 4979 xc.
1056 4932 1084 4978 ln
1099 4928 1221 4978 montibus
1236 4930 1330 4988 ευίοον,
1344 4928 1385 4990 qni
1400 4929 1485 4977 castris
1502 4928 1671 4989 imminebant,
1689 4930 1735 4978 sin·

134 5018 252 5094 θττῆρρε.
268 5008 420 5090 Χωρλςγδιρ
433 5014 479 5081 τῆς
498 5009 562 5089 πρὸς
576 5008 721 5088 ναυπηγίαν
741 5010 804 5083 θλης
819 5002 916 5090 είχενὴ
959 5018 1039 5079 gulare
1050 5017 1171 5079 quidpiam
1182 5016 1282 5065 exstitit.
1315 5014 1400 5065 Aiebat
1418 5015 1470 5065 bne
1483 5017 1548 5077 regin
1563 5020 1650 5079 praeter
1664 5023 1736 5067 mnte-

133 5098 213 5182 χῶραι
241 5095 355 5162 πολλοὺς
381 5096 427 5154 καί
449 5096 682 5177 παρηλλαγμένως
712 5104 764 5163 τοῖς
785 5098 917 5174 μεγέθεσιν
961 5103 1019 5152 riam
1030 5102 1257 5153 naribnsstruendis
1270 5101 1380 5152 idoneum
1393 5102 1592 5153 mnevanitatn
1601 5108 1735 5166 serpentes,

134 5188 222 5268 ὄφεις,
235 5184 314 5249 ὄντας
324 5183 569 5263 ἐιικαιδεκαπήχεις,
582 5183 700 5254 πιθήκων
714 5207 742 5242 τι
756 5184 817 5260 γένη
832 5182 917 5242 πολλθι
937 5229 940 5239 .
960 5190 990 5240 ad
1008 5189 1113 5241 sedenim
1133 5189 1242 5241 videlieet
1257 5188 1392 5240 onbiwnrm
1412 5189 1582 5253 longitudinem
1600 5195 1734 5253 maestos,

247 5295 375 5334 nrnnnnns.
389 5296 415 5330 u.
1603 5285 1627 5329 tlt
