4026 5904
667 383 862 461 neuruurru
883 382 990 446 muru
1011 384 1137 462 xxxu,
1160 394 1288 446 rr-rs.
1721 391 1775 441 so

187 514 291 592 μηκότα
301 511 487 596 παραπλήσιον
498 520 549 580 τοῖς
559 511 702 594 εἰρημένοις
712 514 878 595 ἀνδρόγυνον,
888 538 963 596 προς-
1004 535 1079 587 quum
1089 522 1264 586 androgynum,
1276 522 1491 586 supramemoratis
1497 519 1613 582 slorlleru,
1623 520 1647 569 in
1657 520 1780 569 matrimo-

187 604 308 681 αγγεῖλαι
322 606 354 682 τῇ
368 601 521 678 συγκλήτῳ,
536 599 583 671 τῆν
598 599 627 659 δὲ
641 602 903 680 δεισιδαιμονῆσασαν
916 602 963 661 καί
1005 611 1069 660 nium
1078 610 1325 674 accepissel,seo.rtui
1336 609 1359 659 id
1372 609 1524 660 renuntiavit.
1557 608 1782 672 Quisuperstitioua

188 694 239 759 τοῖς
262 689 316 748 ἀπὸ
339 689 488 770 Τυρρηνίας
510 687 671 769 ίεροσκόιτοις
694 695 854 763 πεισθεῖσαν,
879 693 963 759 ζῶντα
1004 700 1124 760 eaptuset
1138 697 1169 747 ab
1185 697 1351 760 haruspicibus
1370 696 1473 746 'thuscis
1484 708 1625 759 persuasus,
1638 695 1781 746 rivumcre·

188 778 451 861 προςτύξιιικαῦσει.
491 781 593 838 Τοῦτον
606 774 653 855 μὲν
672 768 717 836 σύν
731 777 823 855 ὁμοίας
840 799 962 838 κεκοινω·
1004 784 1153 846 ιιιετίίιιεεῖῑ.
1186 788 1256 835 liuor
1264 785 1344 847 igitur,
1353 786 1457 848 quodob
1465 783 1568 833 similem
1576 782 1781 846 participationem

175 867 284 941 ·νηκο’τοι
298 864 411 948 φύσεως,
425 863 483 923 ἀλλ’
496 865 526 921 οὗ
537 863 601 945 πρδς
614 863 738 937 ἀλήθειαν
748 866 825 946 τέρας
845 888 961 945 γεγενη-
1005 872 1110 921 sexusin
1119 878 1253 922 monstrum
1263 873 1385 936 (annuere
1391 872 1482 934 tamen)
1491 870 1670 932 degenerasset,
1680 869 1781 931 exiguo·

176 944 275 1034 1μόνον,
289 952 368 1035 paulu
379 951 471 1031 θγνοίιρ
484 955 532 1023 τῆς
545 950 620 1012 νόσου
634 950 709 1033 παρὰ
723 951 753 1010 τδ
764 957 890 1033 προςῆκον
901 955 964 1012 ἀπο·
1006 959 1081 1008 rantis
1096 959 1189 1023 morbi,
1203 973 1274 1011 secus
1287 973 1360 1024 quam
1375 959 1489 1022 decebat,
1500 958 1573 1009 exitio
1591 958 1719 1008 multslum
1730 971 1782 1021 per·

188 1043 309 1103 λωλόναι.
356 1040 425 1101 Μετ’
445 1037 531 1116 ὀλίγον
555 1039 583 1097 dl
601 1039 647 1097 καὶ
667 1038 731 1119 παρ’
752 1039 894 1112 Ἀθηναίοις
915 1044 963 1098 τοῦ
1005 1046 1095 1096 bibent.
1129 1050 1178 1098 linc
1189 1048 1267 1098 multo
1282 1050 1350 1113 post,
1365 1061 1442 1111 quum
1454 1046 1519 1110 apud
1533 1046 1692 1097 Athenienses
1708 1045 1783 1097 etism

188 1128 304 1191 τοιούτου
314 1124 464 1207 γενομίνου,
479 1123 521 1183 ud
533 1124 581 1197 τῆν
594 1125 701 1204 ἄγνοιαν
710 1130 756 1184 τοῦ
770 1125 868 1194 πόθους
879 1124 963 1195 ζῶντά
1005 1134 1083 1184 simiis
1096 1134 1209 1197 quiddam
1224 1135 1364 1196 accidisset,
1374 1134 1441 1198 quud
1449 1134 1600 1185 allectionem
1613 1134 1676 1184 bano
1689 1146 1737 1183 nou
1748 1132 1783 1182 in·

189 1238 253 1299 ροισι
262 1217 439 1285 κατακαῆναι.
481 1210 598 1291 Καίγδιρ
611 1210 963 1291 τδιςλεγομίναςθαίναςτι·
1005 1221 1151 1283 teilisserent,
1170 1222 1267 1284 uirum,
1284 1223 1364 1281 aiunt,
1389 1222 1510 1273 bominem
1530 1222 1603 1272 tuisse
1619 1222 1783 1272 combustum.

189 1302 228 1371 νίς
245 1302 430 1381 μυθολογοῦσιν
446 1296 556 1379 ἄρρενας
571 1295 627 1376 ἅμα
645 1300 691 1358 καὶ
705 1299 809 1371 θηλείας
827 1298 963 1379 ὑπάρχειν,
1006 1310 1399 1373 Hycenasquoque,qussdicunt,
1410 1323 1488 1359 mures
1497 1309 1567 1359 simod
1575 1311 1599 1359 et
1609 1310 1784 1369 temiuusassu,

188 1388 233 1451 καὶ
244 1390 307 1469 παρ’
322 1385 438 1446 ἐνιαυτόν
452 1384 568 1457 ἀλλήλας
585 1385 698 1466 όχιύειν,
717 1391 763 1460 τῆς
781 1385 903 1459 ἀληθείας
916 1388 965 1465 οθχ
1006 1395 1150 1460 alternisque
1160 1410 1187 1447 se
1206 1398 1276 1447 annis
1287 1398 1359 1458 inire,
1371 1397 1481 1447 nonuulti
1492 1396 1642 1458 tabularium
1655 1409 1732 1459 quum
1746 1409 1786 1446 res
1890 1382 1895 1387 ⁵

188 1473 269 1542 uiam<
285 1471 406 1554 ίχοιίσης.
448 1475 479 1551 (ν)
495 1471 638 1553 Ἑκατίρου
652 1472 703 1553 γὰρ
715 1479 762 1533 τοῦ
772 1472 860 1551 γίνους
877 1474 964 1545 ἁπλῆν
1006 1482 1097 1533 itaoou
1116 1484 1209 1535 babeat.
1243 1485 1277 1548 (d)
1290 1485 1358 1536 Licet
1372 1484 1548 1547 enlmuterque
1561 1497 1635 1534 sexus
1650 1484 1784 1547 simplicem

189 1562 293 1642 όχοντος
311 1559 357 1620 καί
381 1558 551 1637 ἀνεπίμικτον
573 1557 620 1631 τῆν
637 1557 723 1639 φύσιν,
743 1560 916 1641 προςώρισται
935 1558 964 1619 ab
1006 1575 1031 1620 et
1040 1570 1216 1633 impermistum
1231 1572 1317 1623 babeat
1325 1577 1499 1635 naturam,per
1511 1571 1594 1621 rusam
1604 1574 1685 1621 tumen
1696 1570 1785 1620 desmi-

191 1647 440 1731 ρευδογραροῶνκαί
453 1646 754 1727 παρακρουόμενοντοθς
768 1651 825 1729 ιίκῇ
839 1653 961 1728 θεωροῖν-
1006 1658 1112 1721 ρίῖοοειιι
1127 1658 1213 1709 accidit
1225 1659 1291 1721 quod
1308 1665 1395 1710 temere
1414 1659 1579 1722 spectantibus
1595 1658 1706 1720 imponit.
1739 1661 1783 1707 Fc-

188 1760 243 1804 τας·
256 1739 290 1815 τῇ
300 1735 349 1813 μὲν
365 1732 416 1814 γθρ
430 1733 521 1815 θηλείερ
533 1733 683 1815 πρόςκειταί
697 1758 724 1793 τι
736 1735 805 1794 κατὰ
821 1733 869 1806 τῆν
887 1735 964 1817 φύσιν
1008 1745 1086 1796 mellae
1099 1745 1169 1795 enim
1182 1747 1207 1796 in
1222 1760 1267 1796 sua
1283 1750 1368 1796 ustura
1384 1746 1526 1809 adjunctum
1539 1747 1578 1795 est
1593 1745 1707 1807 quiddam
1721 1745 1784 1794 virili

188 1821 353 1905 παρεμρερθς
362 1821 451 1904 ἄρρενι
465 1821 565 1902 μορίῳ,
577 1823 615 1902 τῷ
628 1818 656 1880 δὲ
670 1820 757 1903 ἄρρενι
770 1821 881 1881 κατδιτθ
893 1824 965 1881 ἔναυ·
1008 1832 1117 1882 membro
1128 1834 1244 1895 assimile;
1260 1839 1285 1884 et
1296 1834 1401 1883 mamilio
1414 1838 1511 1893 contra,
1523 1833 1588 1894 qnod
1603 1832 1698 1882 temiuei
1714 1844 1786 1881 sexus

190 1910 243 1970 τίον
258 1909 370 1991 ίμρασις
384 1907 488 1982 θηλείας
502 1907 611 1989 ρύσεως.
652 1908 687 1969 Ὁ
704 1912 728 1969 δ’
746 1910 822 1979 αὐτὸς
833 1908 906 1987 λόγος
919 1910 965 1969 καὶ
1007 1919 1082 1969 instar
1096 1920 1176 1970 babet.
1208 1920 1299 1970 Eadem
1312 1921 1373 1971 ratio
1389 1922 1414 1971 in
1427 1919 1692 1970 eunetisanimanttbus
1705 1918 1786 1967 lucum

189 1999 233 2057 turi
246 1997 350 2057 πάντων
367 1999 419 2055 τῶν
438 1993 523 2077 ζῴων,
537 1995 681 2073 γενομένων
699 1999 747 2076 μὲν
761 1997 825 2078 πρὸς
842 1998 965 2068 ἀλήθειαν
1008 2006 1092 2067 babel,
1102 2008 1160 2057 dum
1171 2011 1393 2058 reveranascuutur
1402 2007 1594 2070 morurnuqoe
1603 2006 1695 2068 generis
1707 2004 1786 2068 prodi·

189 2087 294 2146 πολλῶν
310 2084 359 2144 καλ
373 2086 549 2143 παντοδαπῶν
567 2083 692 2165 τεράτων,
709 2084 747 2164 μὴ
762 2084 965 2164 τρεφομίνωνδὶ
1007 2094 1059 2156 gia,
1070 2094 1113 2143 sed
1130 2108 1178 2144 nun
1192 2095 1298 2158 aluntur,
1309 2108 1354 2146 uua
1368 2094 1399 2145 ad
1411 2094 1543 2157 perlectum
1559 2094 1598 2144 sui
1614 2094 1786 2144 incrementum

190 2172 234 2232 καί
244 2174 280 2240 εἰς
293 2169 394 2230 τελείαν
406 2167 514 2241 αὔξησιν
524 2171 606 2229 ίλθιῖν
620 2172 822 2249 οὐδυναμίνων.
872 2174 965 2232 Ταῦτα
1008 2181 1117 2245 pmgredi
1136 2186 1246 2244 possunt.
1286 2185 1345 2232 Hauc
1359 2181 1390 2231 ad
1405 2180 1572 2243 corrigendam
1591 2181 1786 2243 superstitionem

190 2257 238 2341 piu
253 2258 365 2340 εἰρήσθω
383 2257 447 2339 πρὸς
462 2256 597 2338 διόρθωσιν
612 2259 822 2337 δεισιδαιμονίας.
867 2258 902 2321 Ὁ
917 2260 964 2337 μὲν
1007 2267 1071 2317 dictu
1089 2272 1170 2318 sunto.
1207 2272 1266 2319 lime
1286 2269 1404 2319 Diodorus
1416 2283 1488 2332 prope
1510 2268 1581 2319 tinem
1602 2268 1657 2318 iibri
1675 2266 1788 2318 tricesimi

190 2338 234 2406 ούν
243 2345 372 2426 Διόδωρος
384 2343 449 2427 πρδς
458 2348 496 2425 τῷ
509 2343 579 2404 τίλει
592 2351 637 2404 τοῦ
650 2346 694 2405 λό’
709 2346 788 2425 λόγου
804 2351 852 2420 τῆς
867 2349 965 2428 ίστορι-
1008 2356 1108 2407 secundi
1119 2356 1199 2420 operis
1207 2356 1272 2422 quod
1281 2358 1377 2421 scripsit
1388 2357 1494 2408 historici
1503 2356 1611 2421 exponit.

189 2438 238 2506 κῆς
250 2435 331 2492 αὐτοῦ
341 2431 524 2513 πραγματείας
535 2437 652 2492 τοσαῦτα
664 2432 776 2503 διίξεισι.

229 2522 313 2582 lilii.
338 2521 537 2598 (brodonlli,
562 2521 618 2597 tu)
640 2522 688 2599 Τῷ
708 2518 777 2579 κατὰ
790 2518 837 2593 τὴν
854 2524 966 2601 Κερκη-
1039 2552 1104 2600 xur.
1120 2551 1202 2601 νωωι
1217 2552 1462 2615 οιηιιεςωιωσοοι,
1480 2506 1787 2616 ςιιυόιιωοοωιωιοις

190 2607 253 2667 δίνα
271 2605 373 2685 optor,
396 2604 639 2687 πθκθίθθθωίῑίνῳ
663 2605 691 2665 δὲ
716 2606 835 2668 '‘dmi‘'
853 2607 913 2689 ²²²?l
936 2602 966 2668 οὗ
1009 2635 1040 2687 de
1050 2637 1121 2700 cujus
1131 2639 1309 2702 opportunitate
1321 2653 1366 2691 suo
1376 2640 1469 2691 dicetur
1478 2640 1532 2691 luco
1540 2641 1686 2704 singulatim.

188 2696 235 2764 τὰς
257 2694 326 2755 κατὰ
346 2697 424 2776 μέρος
440 2695 597 2776 εὐχρηστίας
618 2699 646 2755 όν
663 2705 717 2763 τοῖς
740 2695 842 2764 οἰκείοις
865 2697 967 2779 χρόνοις

188 2782 365 2864 πειρασόμεθα
377 2784 494 2844 διελθεῖν.

228 2868 309 2931 xlv.
333 2871 412 2947 (Exd.
440 2871 535 2931 Pharii
548 2888 577 2948 p.
593 2871 671 2945 522.)
688 2868 752 2930 'Ort
765 2868 796 2928 σθ
809 2877 893 2948 τεῖχος
913 2873 966 2929 τῶν
1039 2886 1103 2934 xiv.
1127 2885 1213 2935 Moenia
1226 2885 1455 2947 cardruginieosium
1473 2885 1629 2948 quodraginta
1652 2887 1787 2937 cubitorum

190 2954 379 3038 Καρχηδονίων
390 2959 437 3029 τῆς
449 2954 549 3023 πνλῑῶε
562 2979 641 3039 puro
653 2954 715 3036 ύψος
729 2953 775 3034 μὲν
790 2947 857 3015 εἶναι
872 2960 967 3036 πηχῶν
1008 2970 1173 3033 altitudinem,
1191 2974 1216 3022 et
1235 2972 1318 3034 viginti
1335 2971 1437 3022 duomm
1457 2973 1608 3023 latitudinem
1624 2974 1712 3024 babere
1730 2972 1789 3023 dicit

189 3045 399 3124 τεσσαράκοντα,
422 3042 520 3110 πλάτος
537 3040 565 3102 ii
580 3043 716 3102 εἰκοσιδύο·
737 3041 809 3120 ὅμως
824 3043 870 3102 καὶ
882 3043 966 3103 τοιού·
1008 3057 1158 3121 (Diodorus).
1172 3058 1218 3109 sed
1230 3061 1324 3118 umen,
1340 3059 1396 3108 troas
1406 3060 1439 3109 ru
1457 3072 1511 3109 sese
1526 3059 1654 3120 nummus,
1671 3060 1789 3110 macutum

189 3154 240 3189 των
257 3129 347 3201 όντων,
362 3130 390 3187 ul
403 3127 544 3206 Ῥωμαίων
559 3128 678 3209 μηχαναὶ
691 3129 736 3188 καί
747 3128 780 3188 ri
798 3129 867 3188 sord
886 3130 967 3190 πόλι·
1009 3147 1169 3194 Romanorum
1180 3148 1325 3209 strenuoque
1336 3145 1361 3194 iu
1370 3145 1433 3196 bellu
1445 3147 1549 3196 facinora
1559 3147 1724 3208 prestantium
1734 3160 1787 3196 mu·

190 3214 473 3298 μονθνδραγαθήματα
496 3214 626 3297 κρείττους
648 3214 772 3298 ὤρθησεν
794 3221 841 3288 τῆς
863 3217 967 3277 ἐκείνων
1008 3230 1788 3296 οἰωειιιῖεῖΙΙοειιιιιερρωυετοιιι,ιεεθεηιιοωριεεῖοοίοεεηιειιε

188 3302 595 3384 θαρσλιίας,καίίείλωῆπόλις
607 3303 846 3384 καλκατηριπώθη.
1008 3322 1053 3369 eat.

230 3393 310 3469 (Exu.
324 3393 455 3452 Vutieun.
479 3411 508 3469 p.
528 3393 588 3468 91.)
605 3393 637 3469 (ε)
648 3386 714 3451 Ὀτι
736 3394 764 3450 αἱ
780 3391 899 3470 γυναῖκες
911 3393 964 3449 τῶν
1039 3405 1073 3468 (2)
1100 3405 1204 3455 Feminae
1219 3405 1425 3467 Carthaginienses
1438 3412 1537 3457 ornatus
1548 3419 1636 3458 aurum
1649 3408 1788 3460 obtulerunt

191 3475 377 3558 Καρχηδονίων
395 3477 548 3558 προείφνρνν
573 3482 685 3558 χρυσοῦς
703 3475 830 3553 νύσμννς·
853 3478 968 3557 luivid
1009 3492 1154 3557 reipublicae.
1196 3497 1257 3544 llum
1278 3507 1355 3555 quum
1374 3494 1400 3544 in
1417 3500 1523 3545 extremo
1541 3500 1624 3545 essent
1650 3496 1716 3546 sires
1733 3498 1789 3548 uro

188 3563 239 3646 γὰρ
264 3564 341 3636 οὔσης
365 3569 412 3637 τῆς
429 3570 474 3624 τοῦ
490 3565 547 3644 βίον
572 3569 762 3647 παραγραφῆς,
787 3564 901 3634 ἅπαντες
920 3567 967 3625 οθιι
1008 3583 1097 3643 limite,
1107 3597 1178 3634 nemo
1187 3597 1214 3635 se
1228 3596 1286 3647 opes
1297 3582 1396 3646 perdere
1410 3583 1580 3644 arbitrabatur,
1596 3585 1670 3634 immo
1684 3599 1742 3648 pero
1751 3586 1790 3637 iris

190 3651 336 3712 ἀπολλύναι
356 3651 390 3711 τὰ
407 3651 534 3733 χρήματα
554 3652 738 3731 διελάμὸανον,
762 3652 832 3713 dlii
855 3655 898 3713 διὰ
922 3658 968 3727 τῆς
1009 3670 1153 3721 matributls
1164 3670 1236 3721 muti
1247 3669 1349 3734 propriae
1358 3671 1437 3722 cuncti
1448 3671 1573 3724 manutere
1581 3671 1727 3735 judicabant.

189 3740 287 3798 τούτων
309 3741 405 3808 δόσεως
440 3738 539 3820 ίκρινον
566 3742 771 3822 ίπανορθοῶσθειι
794 3738 843 3814 τῆν
868 3744 967 3801 ἑαυτῶν

189 3849 261 3898 σωτη
279 3827 331 3888 ίαν.

228 3850 292 3976 Χλρί.
311 3912 376 3974 Ὀτι
391 3911 487 3973 Κάτων
501 3911 611 3993 Μάρκος
625 3913 754 3995 Πόρκιος,
768 3914 900 3994 ἀποδοχῆς
915 3914 967 3994 [δὲ]
1040 3924 1092 3972 liv.
1116 3924 1150 3971 di.
1164 3921 1261 3972 Porcius
1277 3923 1353 3981 cato,
1371 3919 1412 3985 qui
1425 3919 1646 3982 mugnamptaorio
1664 3919 1787 3970 iaudetlo·

188 3999 324 4080 τυγχάνων
346 3998 463 4078 μεγάλης
484 3999 528 4059 trrl
552 3998 667 4071 συνίσει,
682 4000 818 4079 ἐρωτηθεὶς
833 4000 883 4059 θπό
902 4023 969 4067 τινος
1010 4009 1094 4068 rebat,
1105 4008 1209 4058 anescio
1217 4020 1266 4071 quo
1277 4007 1434 4069 interrogatus
1445 4005 1502 4070 quid
1514 4007 1538 4056 in
1549 4006 1628 4055 Atrius
1643 4005 1722 4069 scipio
1732 4018 1784 4067 aga·

189 4085 216 4146 τί
227 4086 363 4167 reprimat
377 4087 495 4147 Σκιπίων
510 4084 579 4146 κατθι
587 4085 635 4158 τῆν
647 4085 746 4159 Λιόύην
758 4077 838 4159 εἶπεν,
1010 4098 1058 4155 ret,
1069 4094 1131 4144 dixit
1143 4108 1150 4143 ε

220 4216 269 4273 οῖος
282 4214 563 4276 πίπνυται,τοῖδθσκιαῖ
575 4214 707 4265 ἀίσσουσιν.
1035 4222 1103 4267 solus
1114 4220 1153 4266 bie
1166 4219 1443 4276 mprr‚oeler1unmnn
1455 4217 1544 4264 ummo
1557 4217 1679 4273 rsgurtur.

190 4338 225 4400 ‘0
240 4338 266 4397 θλ
281 4339 364 4413 δῆμος
375 4334 543 4410 ’τηλικαύτην
555 4334 655 4394 εὔνοιαν
674 4334 736 4415 ίσχε
749 4333 814 4415 πρδς
830 4333 874 4394 τθν
887 4334 968 4416 ἄνδρα
1011 4341 1203 4405 Pupulusoutem
1215 4344 1281 4388 tanta
1297 4338 1362 4387 bunc
1379 4337 1458 4386 uirrrur
1470 4335 1633 4386 benevolentia
1651 4334 1790 4397 coorpleaus

189 4428 291 4501 τῶτον,
303 4419 705 4500 ῶςτιίίπατοναθτδνγενίσθαι.
1010 4426 1233 4488 est,uloonsulem
1245 4426 1340 4474 luceret.

231 4512 312 4589 (Eue.
334 4513 371 4572 du
393 4512 467 4572 virt.
480 4517 510 4570 et
524 4514 576 4569 ort.
592 4527 619 4585 p.
640 4510 718 4584 591.)
736 4507 768 4583 (ν)
782 4506 872 4567 'ont
887 4508 969 4582 δῆμος
1042 4516 1075 4578 (t)
1093 4514 1198 4576 Pupulus
1209 4516 1330 4563 Romanus
1340 4512 1406 4559 tauta
1415 4508 1527 4559 Publium
1536 4507 1673 4571 Scipionem
1689 4507 1791 4559 benovo-

189 4594 348 4671 τηλικαύτην
373 4596 474 4657 εὔνοιαν
498 4595 560 4675 ίσχε
573 4594 638 4676 πρδς
664 4593 708 4653 τθν
732 4591 881 4665 Σκιπίωνα,
906 4590 969 4659 ῶςτε
1010 4602 1082 4654 lentis
1092 4601 1304 4664 complectebatur,
1321 4601 1348 4647 ut
1361 4596 1457 4646 tametsi
1473 4609 1550 4660 neque
1567 4595 1790 4658 aetasitliusnuque

190 4683 258 4763 μήτε
279 4689 327 4757 τῆς
344 4682 447 4756 ἡλικίας
464 4681 649 4763 συγχωρούσης
667 4681 733 4759 μνίτε
746 4683 800 4737 τῶν
811 4679 898 4757 νόμων
912 4682 968 4738 ἐπι·
1011 4690 1074 4751 iopes
1092 4690 1238 4752 paterentur,
1252 4682 1470 4734 uilriiominuseuur
1479 4682 1728 4744 consulemaulimgiis
1740 4683 1791 4733 suis

189 4771 347 4853 τρεπόντων,
369 4771 487 4850 μεγάλην
509 4769 666 4852 είςρίρεσθαι
688 4766 802 4839 σπουδὴν
820 4766 899 4836 εἰςτθ
920 4765 968 4838 τῆν
1010 4777 1130 4828 declarare
1138 4773 1205 4825 omni
1214 4768 1462 4823 studioconteoderet.

190 4858 290 4918 θπατον
297 4858 382 4940 ἀρχὴν
396 4860 468 4938 αὐτῷ
478 4863 631 4939 περιθεῖναι.

230 4948 307 5008 xvi.
330 4948 409 5025 (Eue.
427 4947 560 5006 Vatlcuu.
577 4964 606 5022 p.
627 4953 660 5010 iit
668 4943 688 5021 .)
699 4940 765 5002 ‘oo
777 4938 872 5019 ἡτιίχη
886 4936 969 4998 καθοί-
1041 4947 1104 4996 xvi.
1121 4946 1240 5002 Fortuna,
1250 4953 1305 5003 quse
1314 4940 1438 5000 umquam
1456 4935 1538 4987 dedita
1553 4948 1625 4999 opera
1636 4936 1725 4986 beilum
1734 4950 1788 4987 con·

191 5055 242 5113 περ
256 5033 375 5105 ίπίτηδες
399 5036 596 5111 θγωνοθετοθσα
618 5029 665 5096 τθε
685 5026 839 5107 συμμαχίας
859 5024 969 5094 ίναλλδξ
1010 5033 1112 5094 riserat,
1136 5043 1206 5094 opem
1221 5040 1289 5080 suam
1305 5023 1440 5077 alternatim
1457 5022 1636 5075 decertantibus
1653 5022 1789 5089 suppedita-

191 5128 245 5189 τοῖς
258 5121 446 5197 διαπολεμοῦσι
455 5117 606 5198 παρείχετο.
1013 5121 1062 5171 bul.
