3894 5912
177 409 194 458 ς
596 384 785 447 arcanncr
805 382 882 445 ror
903 384 1140 446 ειαεαιοαοε
1160 386 1256 447 arna.
1278 387 1325 447 ιε.
1665 392 1766 471 (αα.)

175 522 221 582 καὶ
233 520 281 589 τάς
293 519 374 586 ἄλλοις
387 514 544 597 ἐπαγγελίας
551 514 668 594 μεγάλας
675 514 799 587 ἐποιεῖτο,
810 511 953 593 ὑπιοχνού·
995 521 1164 586 promissiones
1174 523 1324 587 mamimus,
1333 536 1360 574 se
1371 523 1396 573 lu
1404 523 1556 575 conficiendis
1567 527 1774 592 Grmeiseucgotlls

176 634 253 688 μενος
266 605 428 687 συμπράξειν
441 602 570 671 αύτοῖςτδι
584 602 652 662 κατδι
666 600 840 673 τὴνἙλλάδα
850 600 895 659 καὶ
906 599 953 672 τήν
997 614 1022 659 et
1035 610 1211 674 confirmando,
1230 612 1272 674 qui
1292 610 1384 674 panius
1394 610 1430 660 cis
1446 611 1492 674 sit,
1509 613 1642 677 principatu
1657 616 1774 667 auxillum

176 695 319 775 ἠγεμονίαν
335 691 475 763 αὐτοῖςτήν
489 690 597 767 πάτριον
616 687 878 766 συγκατασκευάσειν.
920 689 951 763 (ι)
996 696 1056 758 ipsis
1067 696 1170 746 laturum
1181 697 1315 761 pollicetur·
1347 698 1380 760 (i)
1397 699 1505 761 Spartani
1523 703 1605 750 autem
1622 700 1654 752 de
1673 701 1774 766 imperio

175 785 211 843 Οί
233 781 260 840 δὲ
276 783 442 859 Σπαρτιᾶται
456 776 501 835 καί
522 775 606 834 πάλαι
627 776 676 852 μίν
689 774 870 853 διεγνώκεισαν
887 775 954 831 άνα-
996 783 1095 833 Graeciae
1106 783 1136 832 ad
1148 783 1379 846 seretrabeudcjam
1391 785 1482 847 pridem
1501 787 1600 836 consitis
1616 789 1773 852 agaraeni,

150 874 286 934 εκτᾶσθαι
303 866 352 937 τὴν
365 864 517 943 ἡγεμονίαν,
526 862 585 921 τότε
597 861 624 921 δέ
633 861 822 941 συνετάραττον
843 860 893 932 ήδη
906 858 953 925 τὰς
994 869 1090 932 iamque
1109 870 1209 920 turbatis
1235 871 1373 921 deitatibus
1388 872 1513 922 mamiesta
1528 874 1653 925 servitutis
1673 876 1774 927 urbibus

174 955 277 1027 πόλεις,
291 953 336 1012 καί
348 961 429 1011 πᾶσιν
450 956 568 1031 ὑπῆρχον
585 948 691 1031 φανεροί
704 947 751 1015 τδις
763 947 851 1014 πόλεις
867 968 953 1004 κατα·
996 955 1151 1019 importantia
1159 957 1246 1007 iudicia
1255 957 1401 1020 prabebant.
1434 961 1487 1009 lluc
1498 961 1610 1022 secmsit,
1619 963 1683 1025 quod
1696 977 1772 1027 quum

175 1042 351 1119 δουλούμενοι·
366 1039 430 1121 πρδς
449 1037 476 1097 δὲ
498 1037 598 1104 τούτοις
622 1035 769 1104 ἀδοξοῦντες
788 1034 833 1094 cri
854 1037 891 1114 τῷ
910 1033 954 1090 δο-
996 1042 1571 1108 cbprcditcs,utnidebatnrqnidem,intundere
1579 1061 1634 1098 cuna
1645 1054 1775 1100 Artaxerxe

175 1134 229 1188 κεῖν
243 1132 317 1208 ίντῇ
336 1127 402 1209 πρὸς
413 1125 457 1185 τδν
478 1124 588 1205 βασιλέα
611 1122 728 1182 συνθέσει
742 1121 801 1188 τοὺς
815 1120 884 1179 κατδι
906 1118 953 1190 τήν
996 1143 1109 1193 percusso
1127 1134 1226 1182 Graecos
1237 1132 1299 1182 male
1310 1132 1549 1193 audirent,iactiaos
1564 1136 1708 1199 pmultebat,
1725 1137 1774 1187 ido·

175 1216 262 1276 Ἀσίαν
279 1215 416 1284 Ἐλληνας
437 1213 556 1278 ἐκδότους
574 1207 763 1285 πεποιηκέναι,
783 1207 954 1285 μετεμέλοντο
996 1230 1113 1280 meamque
1125 1217 1305 1269 belliadversus
1316 1219 1396 1282 ipsum
1407 1220 1538 1270 morandi
1548 1223 1697 1273 occasionem
1709 1238 1775 1287 quin·

138 1326 164 1363 ιο
176 1307 228 1370 τοῖς
239 1299 433 1383 πεπραγμένοις
443 1298 489 1357 καί
509 1297 638 1379 πρόρασιν
661 1294 766 1373 εύλογον
789 1294 895 1365 ἐζήτουν
908 1298 953 1351 τοῦ
996 1303 1088 1353 rebant
1120 1306 1282 1363 Quamobrem
1296 1307 1376 1356 animo
1389 1307 1774 1361 uondlubentcsccietatemcuur

175 1390 238 1470 πρὸς
248 1388 292 1448 τδν
304 1385 470 1468 Ἀρταξέρξην
480 1384 608 1463 πολέμου.
650 1382 747 1463 Διόπερ
760 1378 953 1460 άσμενοισυνί·
997 1390 1225 1442 Glocoutraxeruut

176 1483 248 1536 θεντο
261 1476 324 1558 πρδς
336 1473 381 1534 τδν
395 1476 471 1536 Γλιῒιν
480 1472 527 1543 τήν
539 1472 706 1551 συμμαχίαν.

214 1568 249 1626 Χ.
272 1560 437 1645 Ἀρταξέρξης
449 1561 477 1620 δὲ
493 1559 643 1625 καταλύσας
656 1557 701 1618 τὸν
714 1556 779 1635 πρὸς
792 1554 954 1621 Καδουσίους
1027 1558 1058 1605 Χ·
1075 1557 1219 1607 mimi*
1229 1571 1299 1621 lema
1308 1557 1386 1619 be¹¹⁰·
1398 1559 1462 1624 quod
1475 1573 1531 1610 ⁰⁰¹⁰
1546 1563 1776 1626 ffluffiifflfflblls

176 1652 301 1729 πόλεμον,
309 1648 436 1726 προέθηκε
446 1647 530 1727 κρίσιν
540 1644 690 1727 Τιριόάζιρ,
701 1644 746 1702 καλ,
758 1642 880 1710 δικαστὰς
887 1649 955 1723 τρεῖς
997 1641 1078 1703 linito,
1087 1643 1178 1706 iudicio
1188 1645 1292 1696 Tiribazi
1302 1659 1399 1696 οεαεεια
1411 1648 1532 1711 permisit,
1544 1652 1638 1713 masque
1652 1651 1674 1700 ei
1684 1651 1778 1712 judices

138 1756 162 1795 ιε
176 1737 297 1796 ἀπέδωκε
307 1735 480 1814 τῶνμάλιστα
491 1728 759 1810 εύδοκουμίνωνπαρδι
767 1737 820 1795 τοῖς
830 1728 953 1808 Πέρσαις.
997 1730 1091 1781 eximin
1113 1731 1174 1781 inter
1191 1735 1276 1783 Persas
1294 1734 1445 1784 auctoritatis
1461 1735 1537 1785 dedit.
1568 1740 1615 1788 Per
1634 1738 1697 1789 idem
1717 1741 1778 1790 torte

176 1822 255 1884 Κατδι
265 1820 370 1889 τούτους
384 1821 411 1881 δέ
424 1820 483 1887 τοὺς
493 1818 600 1901 χρόνους
609 1819 692 1898 ἕτεροι
704 1816 824 1875 δικασταί
837 1814 954 1883 δόξαντες
996 1820 1092 1881 tempus
1110 1817 1243 1880 acciderat,
1256 1822 1284 1870 ut
1299 1820 1421 1883 judicibus
1437 1822 1582 1885 quibusdam
1598 1825 1630 1875 ob
1648 1828 1778 1877 sententiaa

175 1914 262 1977 κακῶς
275 1909 370 1987 κρίνειν
384 1913 478 1978 ζῶντες
491 1906 659 1985 ἐξεδάρησαν,
675 1904 721 1963 καὶ
734 1902 799 1983 ὑπὲρ
816 1905 867 1961 τῶν
881 1903 953 1960 δικα·
997 1905 1076 1967 inique
1094 1904 1154 1955 lutus
1169 1906 1232 1955 cutis
1251 1907 1416 1970 virocorpore
1435 1908 1541 1959 detracta
1558 1916 1634 1974 esset,
1646 1926 1778 1976 corumque

175 2000 271 2056 στικῶν
285 1996 380 2077 δίφρων
391 1993 576 2077 περιτιθέντων
587 1997 638 2051 τῶν
649 1990 795 2071 δερμάτων,
806 1989 849 2048 tat
857 1987 954 2048 τούτοιν
997 1991 1099 2054 pellibus
1107 1992 1198 2042 circum
1210 1992 1337 2043 tribunalis
1347 1996 1475 2057 expansis,
1494 2010 1565 2060 snper
1577 1998 1614 2048 bis
1631 2001 1778 2063 cognitiones

175 2084 292 2152 ἐδίκαζον
307 2087 331 2142 οἱ
344 2081 479 2153 δικασταί,
500 2079 562 2161 παρ’
577 2078 724 2159 ὀρθαλμοὺς
745 2076 846 2155 ἔχοντες
868 2075 955 2154 παρά·
997 2090 1124 2127 cuusarum
1138 2077 1232 2140 judices
1243 2084 1394 2142 exercerent;
1416 2084 1443 2132 ut
1457 2095 1551 2146 semper
1561 2091 1616 2135 ante
1627 2086 1710 2137 oculus
1720 2101 1777 2150 sup·

135 2192 163 2232 η)
176 2172 270 2248 lappa
287 2174 333 2241 τῆς
345 2171 371 2227 ts
384 2173 423 2249 τῷ
434 2172 521 2234 κακῶς
535 2164 628 2245 κρίνειν
640 2161 775 2243 τιμωρίας.
817 2164 847 2240 (a)
863 2164 898 2222 Oi
908 2161 955 2239 μέν
997 2165 1076 2228 pilcii,
1085 2165 1150 2229 quod
1157 2167 1301 2228 jndicicmm
1310 2170 1416 2232 pravitas
1423 2174 1567 2233 mereretur,
1583 2175 1719 2237 exemplum
1731 2176 1778 2227 sibi

176 2247 220 2316 ούν
228 2259 431 2334 κατηγοροῦντες
445 2252 492 2323 τήν
504 2251 642 2323 ἐπιστολήν
657 2250 809 2329 θναγνόντες
822 2248 869 2320 τήν
883 2272 954 2325 πεμ-
998 2253 1146 2315 propositum
1168 2254 1290 2305 baberent.
1332 2256 1366 2318 (n)
1384 2261 1483 2308 Antores
1498 2258 1579 2322 itaqua
1603 2261 1728 2325 epistolam
1746 2265 1778 2314 ab

176 2349 282 2424 ρ-θεῖσαν
296 2342 398 2400 babenb
413 2339 549 2421 Ὀρόντου,
561 2338 658 2409 ταύτην
672 2335 764 2407 ἱκανήν
775 2336 874 2413 έφασαν
886 2334 954 2414 έχιιν
997 2343 1086 2390 Oronte
1103 2341 1214 2401 missam,
1226 2355 1298 2405 quam
1310 2343 1455 2405 recitabant,
1477 2345 1562 2395 sibiad
1572 2346 1651 2397 dicam
1668 2349 1779 2401 'tiribaso

176 2427 417 2509 πρδςκατηγορίαν.
458 2426 492 2486 ‘0
504 2425 531 2484 δδ
541 2430 567 2486 Τ
569 2424 681 2506 ιρίόαζος
689 2423 754 2505 πρδς
767 2422 814 2500 μέν
825 2422 872 2494 τήν
886 2421 955 2481 κατὰ
998 2426 1175 2489 impingendam
1183 2428 1482 2482 sufficeremuteudebant.
1512 2433 1778 2500 unibaznsenntrama

176 2518 219 2576 τὸν
236 2514 374 2594 Εὐαγόραν
394 2512 517 2583 διαόολήν
536 2511 715 2590 [ἀνεγίνωσκε]
731 2509 779 2581 τὴν
797 2507 842 2568 ὑπ’
860 2508 954 2590 Ὀρόν-
997 2513 1139 2563 calumniam
1150 2514 1181 2565 de
1199 2516 1328 2567 collusione
1342 2530 1399 2567 eum
1416 2520 1524 2580 Euagora
1535 2521 1682 2584 confutaret,
1701 2530 1776 2576 trans·

135 2628 163 2669 ες
179 2625 224 2661 του
251 2598 449 2680 γεγενημένην*
471 2597 609 2658 ὑπακούειν
633 2599 668 2665 abr
704 2595 815 2674 βασιλέα
853 2598 956 2675 βασιλεῖ
998 2601 1116 2652 audonem
1127 2604 1224 2654 orontis
1237 2617 1293 2653 curn
1312 2608 1492 2668 magnumque
1510 2606 1549 2657 laic
1561 2621 1587 2658 se
1598 2610 1646 2672 regi
1658 2616 1685 2660 ut
1697 2624 1778 2674 regem

177 2688 355 2769 προςήνεγκεν·
365 2686 456 2746 tauris
471 2686 498 2745 δέ
511 2683 559 2755 τήν
568 2685 671 2766 εἰρήνην
683 2684 873 2756 συντεθεῖσθαι,
891 2681 954 2751 ὥςτε
997 2691 1216 2755 obtemperaturum
1233 2693 1369 2752 annuisset,
1381 2692 1405 2741 in
1421 2691 1526 2743 medium
1541 2695 1689 2758 proterebat,
1701 2712 1777 2762 quum

177 2775 318 2835 ὑπακούειν
338 2773 475 2854 Εὐαγόραν
488 2776 526 2853 τῷ
552 2774 655 2851 βασιλεῖ
668 2776 703 2838 ab<
721 2772 811 2830 δοῦλον
832 2769 954 2850 δεσπότῃ·
998 2778 1051 2840 ipse
1062 2777 1298 2838 bacconditlone,ut
1305 2778 1353 2840 regi
1361 2782 1474 2842 nuquam
1483 2792 1568 2831 sernia
1577 2790 1778 2848 pareret,pacem

176 2863 236 2943 περί
253 2859 281 2921 δέ
293 2865 343 2921 τῶν
357 2863 484 2940 χρησμῶν
504 2858 585 2940 ίρησε
605 2857 642 2937 μὴ
656 2856 827 2938 χρηματίζειν
840 2857 885 2916 τὸν
899 2857 955 2916 θεὸν
998 2876 1053 2913 cuna
1060 2863 1101 2913 illc
1111 2865 1187 2914 [εοεαε
1195 2864 1318 2916 uoluisset
1351 2865 1422 2922 Quod
1431 2866 1778 2933 adcraculumattinet,deum

177 2945 286 3007 καθόλαυ
298 2947 358 3026 περί
371 2945 490 3005 θανάτου·
502 2945 547 3007 καὶ
559 2942 651 3007 τούτου
665 2945 797 3025 μάρτυρας
815 2944 955 3025 παρείχετο
998 2950 1057 2999 nibil
1072 2950 1169 3001 omnino
1184 2950 1214 3001 de
1230 2951 1371 3014 cujusquam
1390 2957 1467 3002 morte
1487 2956 1593 3017 responsi
1612 2957 1684 3008 edera
1702 2960 1777 3022 dixit,

136 3057 163 3098 so
177 3035 277 3102 πάντας
290 3034 348 3101 τοδς
361 3033 491 3113 παρόντας
502 3031 644 3104 Ἕλληνας.
685 3030 752 3112 Περί
766 3028 793 3089 δέ
813 3034 860 3104 τῆς
870 3032 956 3112 φιλίας
997 3038 1266 3101 ejusquereicuuctoa,
1282 3039 1386 3101 quitum
1402 3040 1501 3091 aderaut
1516 3044 1606 3104 Graeci,
1619 3047 1777 3099 testesaddu.

176 3127 223 3194 τῆς
236 3122 299 3203 πρὸς
319 3119 541 3199 Λακεδαιμονίους
563 3121 730 3197 ἀπελογεῖτο,
747 3117 831 3194 λέγων
846 3120 894 3177 οὐκ
912 3120 954 3177 ἐπὶ
998 3126 1042 3174 xit,
1074 3125 1211 3175 Amicitiam
1222 3139 1306 3187 porro,
1318 3139 1373 3188 quaa
1381 3139 1436 3175 cum
1450 3128 1636 3179 Lacedaemoniis
1651 3132 1777 3184 sibiiutsa·

176 3212 214 3289 τῷ
223 3208 281 3290 ίδίιρ
290 3205 454 3291 συμρέροντι,
464 3206 524 3265 ἀλλ’
533 3206 576 3272 ἐπὶ
584 3210 622 3287 τῷ
633 3211 678 3265 τοῦ
690 3204 817 3285 βασιλέως
828 3208 956 3265 λυσιτελεῖ
998 3212 1105 3272 moeret,
1117 3211 1151 3261 ita
1159 3211 1297 3273 excusarit,
1319 3216 1346 3262 nt
1360 3226 1407 3262 non
1419 3213 1451 3262 cb
1467 3214 1587 3277 privatum
1602 3217 1699 3281 aliquod
1710 3234 1776 3272 ccm-

176 3299 334 3367 πεποιῆσθαι
342 3293 390 3365 τήν
401 3293 497 3375 φιλίαν·
509 3293 554 3351 καλ
566 3291 609 3351 διδ
617 3292 715 3365 ταύτης
725 3291 893 3371 παρεδείκνυε
902 3298 954 3352 τῶν
997 3299 1105 3358 modum,
1115 3298 1157 3348 sed
1165 3297 1190 3346 in
1197 3300 1257 3359 regis
1265 3298 1340 3360 ipsius
1349 3300 1537 3350 emolumenturn
1545 3303 1607 3352 banc
1613 3304 1695 3355 initam
1704 3307 1778 3359 luisse

178 3380 224 3457 μέν
239 3380 453 3458 Λακεδαιμονίων
467 3383 635 3460 παρῃρῆσθαι
649 3378 708 3445 τοὺς
719 3377 788 3436 κατὰ
805 3378 853 3451 τήν
867 3379 953 3439 Ἀσίαν
996 3387 1105 3436 diceret:
1119 3384 1322 3448 bujusauisnupe
1339 3398 1365 3436 se
1380 3389 1476 3437 Grecos
1487 3388 1513 3437 ln
1523 3390 1578 3439 Asia
1591 3392 1777 3447 Lacedaemcniis

137 3488 164 3527 aa
177 3466 376 3546 Ἔλληνας,τῷ
390 3464 417 3523 δέ
427 3465 731 3544 βασιλεῖπαραδεδόσθαι
739 3464 867 3533 ἐκδότους.
889 3466 954 3526 Ἐπὶ
997 3471 1278 3531 subtractos,dedititios
1294 3473 1379 3522 iecisse
1392 3475 1495 3535 rcgisuo
1514 3475 1693 3529 demonstravit.
1726 3485 1776 3532 De·

177 3554 299 3622 τελευτῆς
312 3550 339 3610 δὲ
351 3556 399 3623 τῆς
413 3552 553 3629 ἀπολογίας
561 3551 694 3629 ὑπέμνησε
707 3551 764 3619 τούς
779 3552 902 3619 δικαστὰς
916 3545 953 3612 ὧν
996 3558 1238 3621 tensionemdenique
1248 3571 1317 3608 suam
1325 3573 1450 3622 perorans,
1461 3561 1557 3624 pristina
1567 3562 1590 3612 in
1603 3578 1681 3626 regem
1691 3569 1777 3618 merita

177 3636 349 3717 τὸνβασιλέα
373 3636 497 3717 πρότερον
511 3630 543 3709 ήν
568 3636 751 3716 εύεργειηκιύς.
793 3640 824 3715 (α)
842 3639 953 3717 Λέγεται
994 3646 1103 3708 iudicum
1116 3646 1237 3695 memorie
1257 3646 1382 3708 suggessit·
1415 3646 1448 3709 (θ)
1469 3650 1590 3699 internus
1610 3664 1667 3700 nero
1684 3654 1775 3718 cilicia,

177 3727 205 3783 δὲ
215 3723 259 3784 καλ
269 3723 352 3790 άλλας
364 3720 412 3801 μδν
422 3724 521 3791 πολλδς
531 3723 619 3803 χρείας
629 3725 785 3803 ἐνδεδεῖχθαι
796 3728 833 3805 τῷ
842 3729 952 3804 βασιλεῖ,
996 3735 1084 3797 quibus
1095 3746 1163 3783 suana
1171 3734 1219 3795 regi
1229 3746 1325 3796 operam
1337 3733 1456 3796 iidemque
1469 3735 1622 3786 multifariam
1633 3737 1775 3803 declaravit,

179 3811 241 3885 μίαν
255 3807 282 3870 δέ
293 3810 429 3887 μεγίστην,
439 3810 466 3879 έξ
477 3802 509 3883 ής
520 3811 596 3869 αὐτὸν
605 3814 788 3887 θαυμασθῆναι
802 3811 897 3883 συνέάη
909 3815 953 3872 καλ
997 3821 1043 3870 boc
1051 3821 1198 3880 maximum,
1210 3834 1258 3882 quo
1268 3834 1317 3870 nou
1323 3819 1504 3871 admirationem
1516 3823 1576 3884 ragis
1586 3826 1677 3887 sciram,
1689 3840 1775 3877 verum

137 3917 164 3956 tu
179 3898 301 3978 μέγιστον
321 3897 440 3976 γενέσθαι
457 3896 540 3978 φίλον.
582 3895 660 3957 Κατδι
681 3896 732 3976 γάρ
750 3920 807 3956 τινα
827 3900 952 3978 κυνηγίαν
996 3913 1020 3957 et
1029 3920 1151 3957 summum
1173 3906 1236 3957 inter
1261 3907 1350 3962 amicos
1369 3906 1469 3969 gradum
1490 3911 1632 3972 promeruit,
1654 3914 1775 3965 exstitisse

177 3988 218 4065 ἐρ’
232 3983 347 4064 ἅρματος
358 3982 499 4063 ὀχουμένου
509 3987 555 4040 τοὺ
571 3980 713 4061 βασιλέως,
726 3980 772 4040 δύο
791 3982 895 4051 λέοντας
911 3988 952 4045 ἐπ’
997 3994 1078 4044 [υσθυε.
1109 3997 1173 4043 Dum
1188 3994 1251 4043 enlm
1273 3993 1297 4042 in
1318 3995 1444 4044 vemtioue
1464 3995 1568 4057 quadarn
1588 4010 1628 4047 rex
1647 4012 1774 4051 eurrusuc

177 4072 254 4130 αὑτὸν
268 4074 397 4151 ὁρμῆσαι,
411 4071 456 4129 καί
470 4074 521 4129 τῶν
535 4067 583 4146 μέν
594 4068 680 4127 ίππων
692 4070 782 4127 arduis
798 4073 835 4150 τῷ
848 4072 953 4151 τεθρίπ·
995 4080 1123 4141 lavabitur,
1137 4080 1185 4129 duo
1198 4080 1223 4129 in
1232 4079 1311 4143 ipsum
1326 4079 1407 4130 leones
1417 4081 1534 4131 musitata
1546 4081 1662 4145 teruntur,
1678 4090 1701 4135 et
1716 4085 1774 4137 duo·

177 4182 221 4239 περ
234 4156 280 4216 δύο
293 4156 452 4230 διασπάσαι,
464 4156 511 4229 τήν
526 4157 548 4215 δ’
562 4154 645 4235 ὁρμήν
666 4155 706 4214 ἐπ’
727 4157 805 4214 αύτδν
824 4162 953 4218 ποιεῖσθαι
996 4166 1080 4216 busad
1096 4166 1222 4229 quadrigas
1230 4166 1299 4229 equis
1313 4166 1451 4230 discerptis,
1459 4167 1510 4229 jam
1525 4168 1607 4231 ipsum
1620 4173 1773 4232 regeminva·

178 4243 221 4305 τὸν
232 4243 350 4323 βασιλέα·
360 4247 418 4304 καθ’
431 4243 459 4302 όν
472 4241 504 4315 δή
514 4242 603 4324 καιρὸν
617 4240 773 4323 ἐπιφανέντα
785 4242 829 4301 τὸν
841 4244 953 4323 Τιρίόα-
995 4253 1197 4315 dereproperaut.
1229 4256 1291 4302 Tum
1314 4253 1373 4303 torte
1385 4255 1509 4305 Tiribasns
1520 4258 1707 4318 superveniens,
1725 4259 1773 4309 teu·

136 4352 164 4391 sa
177 4334 219 4399 ζον
230 4329 289 4397 τούς
307 4330 354 4407 μὲν
374 4330 480 4397 λέοντας
500 4332 668 4401 ἀποκτεῖναι,
688 4328 731 4387 τδν
753 4327 780 4387 δέ
797 4330 907 4409 βασιλέα
924 4334 953 4391 ἐκ
996 4339 1066 4388 nibus
1077 4339 1378 4402 omisis,pericnluregem
1389 4343 1487 4391 exemit.
1504 4343 1570 4404 (itin
1581 4342 1649 4393 bellis
1658 4349 1774 4406 praeterea

175 4420 227 4476 τῶν
239 4416 362 4476 κινδύνων
380 4416 520 4485 ἐξελέσθαι.
563 4418 593 4494 (ι)
607 4414 760 4482 Ἔντετοῑς
773 4416 895 4493 πολέμοις
907 4420 951 4475 siv·
995 4426 1107 4487 singulari
1122 4439 1178 4475 eum
1193 4425 1331 4476 tortitudine
1344 4426 1456 4489 polluisse
1475 4431 1637 4491 memoratum
1657 4431 1732 4480 immo
1749 4435 1775 4483 et

177 4504 248 4585 δρείερ
261 4503 388 4581 διενέγκαι
402 4504 480 4585 ρασλν
497 4502 584 4576 αὐτόν,
598 4503 643 4561 καλ
661 4501 730 4562 κατδ
743 4501 790 4570 τάς
804 4503 953 4581 συμόουλδις
995 4512 1206 4562 consultationibus
1227 4514 1299 4562 mutae
1310 4514 1445 4574 sagacitatis
1462 4514 1629 4578 atprudeutias
1647 4517 1734 4580 inisse,
1746 4522 1775 4570 ut

177 4590 256 4657 ούτως
267 4592 406 4670 εύστοχεῖν,
418 4589 481 4657 diere
491 4589 536 4648 τδν
549 4588 659 4669 βασιλέα
670 4588 804 4671 χρώμενον
816 4597 878 4666 ταῖς
886 4590 953 4649 ίκεί-
995 4596 1087 4659 quoties
1098 4610 1139 4646 rex
1149 4597 1289 4646 seutentiam
1299 4597 1353 4659 ejus
1362 4597 1552 4661 amplecteretur,
1566 4614 1689 4664 nunquam
1702 4602 1773 4653 aber·

176 4699 221 4735 νου
235 4676 423 4758 παραγγελίαις
443 4672 573 4753 μηδέποτε
593 4677 754 4756 διαμαρτεῖν.
794 4675 912 4758 Τοιαύτη
927 4679 950 4735 δ’
995 4687 1065 4733 roret.
1098 4686 1177 4741 Quum
1189 4682 1220 4731 ad
1231 4683 1294 4731 bunc
1305 4683 1385 4746 itaque
1395 4684 1493 4735 modum
1509 4687 1697 4749 presedisisset
1715 4690 1773 4739 liri·

137 4792 163 4830 ω
177 4762 304 4843 ἀπολογία
315 4762 479 4842 χρησάμενος
492 4761 655 4844 ὑΤιρίόαζος
667 4762 783 4834 ἀπελύθη
795 4767 846 4822 τῶν
858 4766 952 4841 ἐγκλη-
995 4770 1084 4830 banus,
1093 4770 1198 4819 unanimi
1206 4774 1348 4818 cunctorum
1355 4770 1464 4831 indicum
1473 4784 1590 4822 consensu
1600 4774 1774 4840 acriminibus,

177 4848 269 4927 μάτων
281 4848 487 4928 ὡμολογημένοις
502 4849 552 4908 ὑπὸ
566 4850 671 4908 πάντων
683 4853 734 4908 τῶν
749 4851 886 4911 δικαστῶν.
994 4872 1096 4925 quonam
1105 4871 1161 4908 reus
1169 4858 1291 4919 agebatur,
1299 4859 1439 4910 absolvitur.

216 4938 266 4997 xl.
288 4935 322 4997 ‘0
333 4935 361 4994 δὲ
375 4936 495 5015 βασιλεὺς
510 4937 567 4995 καθ’
581 4936 626 4996 ἕνα
639 4940 690 4996 τῶν
703 4937 832 4995 δικαστῶν
842 4960 952 5018 προςκα·
1024 4948 1067 4997 til.
1084 4950 1115 4997 at
1126 4959 1166 4996 res
1178 4945 1271 5007 judices
1282 4945 1418 5008 singulatim
1428 4947 1458 4997 ad
1470 4959 1496 4998 ae
1505 4961 1643 5011 arcessens,
1653 4964 1702 5013 quo
1709 4952 1772 5014 juris

176 5022 316 5100 λούμενος,
330 5024 482 5103 ἐπηρώτησε
496 5023 549 5082 τίσι
568 5023 675 5090 δικαίοις
696 5021 819 5134 προσχὼν
842 5022 949 5093 ἕκαστος
994 5032 1155 5085 stabibauento
1166 5032 1331 5095 nnumuisque
1346 5032 1442 5082 innisus
1458 5046 1525 5083 rauna
1544 5036 1646 5098 sculpe
1667 5036 1771 5089 libemus

178 5109 291 5168 ὑπέλυσε
301 5109 583 5191 τονκατηγορούμενον.
592 5109 626 5171 Ὁ
638 5109 685 5187 μέν
693 5132 736 5168 ουν
744 5112 845 5188 πρῶτος
854 5109 945 5192 ἔρησε,
994 5118 1305 5183 pronuntiassct‚ssqulrit.
1339 5118 1577 5183 cuiprimus,quod
1592 5121 1770 5176 criminationes
